3600 5392
1854 435 1895 497 8

591 626 800 687 autem
866 619 1021 684 haec
1063 617 1496 684 animadverti:
1585 618 1659 682 In
1723 617 1977 702 apodosi
2046 619 2502 704 conjunctivum
2569 619 3155 705 plusquamperfecti

591 723 974 806 passivorum
1016 720 1244 803 ubique
1289 741 1430 783 cum
1472 718 1671 783 forma
1715 719 1907 783 forem
1952 722 2295 803 composuit
2338 721 2620 810 Tacitus:
2674 723 2730 784 A
2777 726 2874 799 16,
2919 727 3021 800 26,
3066 726 3147 790 37

590 825 634 888 11
677 826 756 902 ΙΙ,
807 829 884 891 14
926 824 1036 898 ΠΙ,
1085 826 1161 889 77
1210 822 1282 900 V,
1333 817 1410 888 18
1455 843 1494 885 a
1537 822 1641 896 IV,
1692 823 1768 885 13
1814 821 1955 898 XII,
2011 824 2091 886 16
2152 828 2369 887 contra
2423 823 2861 906 deponentium
2926 827 3152 910 ubique

589 949 730 991 cum
773 947 997 991 essem:
1042 925 1085 988 h
1128 924 1175 1000 Ι,
1223 927 1300 990 37
1347 945 1388 988 a
1431 923 1570 999 XII,
1612 923 1694 989 37
1741 923 2119 1006 eandemque
2174 925 2437 990 formam
2490 925 2779 1008 simplicis
2823 927 2992 991 verbi
3036 927 3150 992 ad-

588 1028 791 1094 hibuit
833 1051 871 1094 a
914 1029 992 1105 H,
1043 1031 1140 1093 71.

759 1132 830 1194 In
875 1130 1111 1213 protasi
1153 1129 1346 1192 forem
1389 1134 1454 1192 et
1496 1149 1692 1194 essem
1736 1129 2077 1194 formarum
2132 1149 2280 1192 usus
2334 1151 2458 1194 non
2508 1131 2692 1213 plane
2744 1131 2905 1195 idem
2948 1137 3043 1196 est
3082 1133 3147 1194 in

586 1233 874 1315 Agricola
917 1237 980 1296 et
1022 1232 1294 1295 historiis
1337 1236 1532 1312 atqua
1573 1231 1639 1293 in
1680 1229 2034 1294 annalibus:
2101 1229 2173 1292 In
2217 1230 2335 1294 illis
2380 1232 2540 1295 sicut
2582 1231 2647 1294 in
2668 1233 2921 1316 apodosi
2962 1254 3145 1296 usur-

477 1413 483 1421 ·
584 1336 755 1418 pavit
799 1355 1010 1410 essem,
1054 1333 1159 1396 ubi
1203 1339 1298 1396 est
1340 1333 1560 1415 copula
1603 1331 1659 1394 A
1703 1335 1744 1397 2
1788 1332 1832 1395 h
1876 1332 1955 1407 II,
2004 1334 2101 1408 76,
2156 1332 2349 1396 forem
2404 1333 2592 1397 semel
2641 1335 2958 1417 conjunxit
3000 1355 3141 1398 cum

583 1437 909 1520 participio
952 1435 1178 1518 passivi
1221 1434 1264 1497 h
1308 1434 1416 1510 ΠΙ,
1463 1437 1544 1500 80
1556 1458 1573 1509 ;
1616 1433 1682 1496 111
1725 1431 2053 1496 annalibus
2083 1432 2344 1498 formam
2373 1455 2569 1499 essem
2598 1435 2692 1499 bis
2721 1437 2913 1501 habet
2955 1436 3142 1502 semel

553 1559 726 1603 -cum
769 1537 1147 1620 deponentiS,
1191 1537 1376 1600 semel
1419 1557 1560 1599 cum
1602 1535 1830 1619 passivi
1873 1534 2197 1617 participio
2242 1537 2375 1619 conj
2382 1542 2661 1603 unctam:
2714 1539 2821 1614 IV,
2875 1540 2961 1603 30
3002 1537 3143 1614 XII,

585 1643 695 1716 423
768 1645 1091 1722 praeterea
1142 1639 1362 1715 forem,
1432 1646 1494 1703 et
1539 1637 1788 1720 quidem
1845 1657 1956 1718 per
2011 1657 2075 1700 se
2128 1638 2395 1718 positam
2450 1638 2529 1714 H,
2578 1641 2677 1717 35,
2730 1633 2871 1703 cum
2914 1641 3142 1723 passivi

582 1741 923 1825 participiis
966 1743 1356 1825 conjunctam
1399 1742 1466 1804 in
1508 1761 1616 1806 sex
1656 1739 1836 1806 locist
1906 1739 1985 1815 11,
2030 1741 2111 1804 39
2156 1739 2265 1814 III,
2328 1741 2423 1814 14,
2485 1741 2562 1804 16
2608 1741 2714 1818 IV,
2774 1744 2850 1807 71
2897 1740 3006 1817 XI,
3049 1739 3143 1808 'lo

755 1945 989 2022 Quibus
1043 1946 1282 2012 collatis
1336 1945 1408 2009 fit
1462 1943 1858 2008 manifestum
1873 1991 1888 2018 ,
1941 1941 2005 2005 id
2066 1962 2198 2006 esse
2251 1943 2314 2006 in
2361 1963 2578 2008 earum
2630 1943 2971 2010 formarum
3022 1965 3139 2009 usu

581 2055 861 2113 secutum
905 2048 1207 2122 Tacitum,
1253 2052 1325 2110 ut
1353 2046 1548 2110 vitato
1589 2044 1949 2126 quotidiano
1994 2063 2273 2107 sermone
2301 2044 2505 2108 minus
2548 2045 2777 2109 usitate
2822 2046 3139 2110 scriberet:

583 2149 887 2226 Quoniam
940 2149 1006 2211 in
1059 2146 1312 2230 apodosi
1366 2145 1535 2210 verbi
1587 2143 2013 2234 substantialis
2069 2143 2269 2209 forma
2322 2145 2480 2209 foret
2545 2146 2782 2211 solebat
2839 2146 3138 2224 adhiberi,

579 2256 796 2314 contra
815 2247 1396 2333 plusquamperfecti
1417 2246 1838 2332 conjunctivus
1866 2267 1941 2309 ex
1964 2247 2289 2330 participio
2308 2253 2372 2311 et
2393 2268 2588 2312 essem
2600 2247 2988 2326 conformari,
3009 2251 3140 2333 ipse

579 2353 957 2416 contrariam
981 2347 1246 2415 *secutus
1288 2354 1383 2414 est
1425 2350 1746 2413 rationem.
1834 2349 1919 2412 Et
1968 2349 2127 2412 sicut
2168 2350 2379 2414 multis
2433 2351 2497 2414 in
2540 2351 2724 2415 rebus
2778 2353 2870 2417 ita
2912 2354 2977 2416 in
3020 2353 3137 2418 hac

576 2455 818 2538 longius
860 2455 924 2518 in
969 2454 1295 2519 annalibus
1342 2457 1666 2535 provectus
1688 2451 1879 2516 etiam
1920 2451 1985 2513 in
2016 2452 2250 2532 protasi
2294 2450 2527 2516 formae
2570 2473 2765 2516 essem
2783 2452 2933 2530 loco,
2978 2475 3137 2536 quae

576 2556 720 2620 huic
763 2557 960 2637 magis
1004 2562 1140 2620 erat
1193 2561 1256 2619 et
1309 2553 1774 2619 accommodata
1829 2557 1892 2617 et
1947 2554 2207 2630 usitata,
2274 2573 2469 2634 paene
2532 2553 2759 2636 ubique
2825 2555 3137 2620 adhibuit:

574 2657 785 2721 forem.
874 2657 948 2720 In
991 2658 1178 2722 solius
1221 2654 1581 2740 deponentis
1624 2653 2223 2738 plusquamperfecto
2273 2654 2368 2718 uti
2420 2673 2496 2718 ea
2538 2654 2738 2720 forma
2789 2677 2913 2720 non
2967 2654 3135 2720 vide-

574 2764 680 2823 tur
721 2779 927 2824 ausus.

745 2861 1024 2943 Denique
1079 2861 1143 2923 in
1200 2859 1456 2942 singulis
1509 2857 1756 2940 scriptis
1816 2857 1898 2922 ad
1948 2857 2425 2922 introducendas
2476 2858 2859 2922 condiciones
2931 2859 3134 2924 varias

572 2965 896 3047 usurpavit
938 2962 1304 3046 particulas:
1350 2963 1416 3025 in
1437 2961 1724 3042 Agricola
1766 2960 1995 3042 ubique
2038 2959 2325 3040 legimus:
2372 2959 2538 3041 quod
2565 2959 2681 3023 nisi
2728 2961 2839 3044 (ni)
2893 2962 2987 3033 16,
3034 2962 3135 3037 26,

573 3067 654 3130 37
701 3067 766 3128 111
813 3065 1087 3130 historiis
1144 3064 1331 3128 semel
1385 3071 1482 3127 est
1535 3069 1597 3127 et
1648 3063 1714 3126 ni
1765 3062 1882 3139 III,
1930 3064 2029 3137 80,
2096 3062 2161 3124 in
2210 3061 2539 3126 annalibus
2613 3062 2839 3145 ubique
2906 3085 2979 3128 ac
3038 3065 3131 3128 ni:

569 3167 618 3243 I,
663 3169 746 3232 39
766 3167 873 3244 IV,
925 3169 1020 3244 13,
1065 3165 1206 3243 XII,
1257 3167 1353 3242 16,
1399 3166 1514 3242 353
1559 3164 1746 3230 semel
1787 3169 2066 3231 tantum:
2112 3165 2177 3228 ni
2215 3164 2321 3242 IV,
2370 3168 2443 3230 71
2482 3164 2590 3228 ubi
2633 3165 2709 3228 de
2753 3185 2818 3228 36
2860 3165 3136 3248 loquitur

570 3269 691 3333 scri
733 3274 850 3333 tor.

691 3290 1041 3454 PDeinceps
1084 3375 1180 3434 est
1222 3369 1298 3433 de
1341 3369 1414 3432 iis
1459 3371 1777 3434 sententiis
1821 3369 2283 3454 disputandum,
2327 3371 2392 3434 in
2435 3391 2700 3452 quarum
2744 3369 2996 3453 apodosi
3038 3375 3133 3434 est

469 3494 480 3497 ·
569 3471 884 3536 adhibitus
927 3470 1312 3535 indicativus.
1402 3469 1682 3547 Quarum
1724 3491 1941 3535 rursus
1983 3470 2166 3552 plura
2225 3463 2465 3551 genera'
2509 3475 2655 3534 sunt
2697 3470 3134 3554 distinjuenda,

567 3575 836 3656 primum
881 3593 1114 3647 earum,
1181 3574 1247 3636 in
1302 3571 1526 3655 quibus
1567 3573 1703 3654 ipsa
1773 3572 2109 3655 apodoseos
2182 3573 2435 3656 ejusque
2500 3571 2843 3654 praedicati
2904 3578 3134 3636 natura

567 3675 905 3740 secundum
947 3674 1314 3738 Latinorum
1357 3673 1862 3739 consuetudinem
1916 3678 2132 3756 poscat
2196 3673 2614 3738 indicativum.
2716 3673 2894 3739 Talia
2949 3695 3132 3756 prae-

567 3777 779 3842 dicata
823 3781 993 3840 sunt:
1060 3796 1256 3858 posse,
1298 3775 1550 3850 debere,
1617 3775 1807 3839 videri
1851 3775 2094 3851 decere,
2151 3776 2393 3859 justum
2436 3794 2587 3850 esse,
2657 3774 2929 3856 perfecta
2992 3795 3135 3840 cum

573 3879 880 3945 adverbiis
916 3899 1129 3963 paene,
1159 3898 1367 3962 prope,
1396 3876 1726 3960 participia
1753 3875 1949 3940 futuri
1973 3897 2114 3940 cum
2143 3875 2329 3940 verbo
2358 3875 2755 3940 substantiali
2784 3875 3128 3959 conjuncta.

564 3981 844 4046 Primum
875 3982 1064 4063 igitur
1085 3981 1150 4044 in
1179 3979 1276 4043 his
1307 3976 1733 4043 construendis
1753 3998 1910 4059 quas
1932 3977 2096 4059 leges
2122 3982 2419 4061 sequatur
2442 3977 2712 4052 Tacitus,
2742 3997 3131 4058 quaeramus,

734 4084 924 4148 Verbi
965 4103 1143 4164 posse
1184 4081 1546 4165 plerumque
1569 4079 1928 4162 imperfecto
1954 4080 2051 4143 usi
2094 4087 2241 4145 sunt
2284 4081 2458 4144 aurei
2502 4079 2729 4144 saeculi
2774 4079 3129 4162 scriptores:

562 4185 636 4248 In
679 4205 768 4262 60,
814 4185 981 4268 quod
1023 4185 1094 4247 in·
1129 4181 1470 4246 minoribus
1526 4180 1770 4263 scriptis
1814 4180 2069 4264 ubique,
2120 4182 2448 4266 aliquoties
2502 4183 2569 4246 in
2611 4181 2884 4246 historiis
2928 4182 3133 4264 posuit

562 4287 928 4369 perfectum,
999 4286 1084 4364 (D
1133 4286 1208 4349 17
1256 4285 1312 4346 A
1356 4285 1436 4348 31
1483 4282 1526 4345 h
1569 4283 1679 4358 ΙΠ,
1725 4284 1765 4346 9
1811 4283 1917 4360 IV,
1962 4285 2071 4367 34)
2132 4303 2280 4348 suae
2342 4283 2567 4352 aetatis
2610 4302 2845 4345 morem
2890 4283 3133 4346 videtur

561 4394 806 4453 secutus
850 4388 1121 4454 Tacitus,
1209 4389 1266 4450 A
1305 4408 1427 4468 quo
1482 4386 1576 4449 bis
1620 4387 1873 4451 recessit
1916 4387 1982 4449 in
2025 4386 2326 4462 historiiS,
2384 4371 2645 4469 sempen
2678 4385 2743 4446 in
2786 4382 3131 4460 annalibus,

561 4491 853 4554 nimirum
898 4490 1150 4554 consilio
1197 4488 1264 4573 (h
1309 4487 1420 4564 III,
1466 4489 1568 4563 41,
1613 4487 1719 4564 IV,
1770 4490 1845 4552 19
1894 4509 1933 4551 a
1958 4487 2124 4564 XIV,
2170 4491 2226 4564 3,
2271 4487 2390 4552 XV
2415 4488 2540 4573 10).
2588 4525 2671 4532 —-
2714 4485 2788 4548 In
2813 4484 3128 4566 obliquam

559 4592 902 4656 orationem
944 4590 1235 4656 translati
1276 4589 1627 4674 hujusmodi
1670 4591 1985 4654 enunciati
2026 4590 2375 4673 exemplum
2416 4594 2513 4652 est
2554 4589 2614 4652 h.
2658 4588 2740 4664 H,
2787 4589 2886 4652 26.
