3600 5392
1669 469 1708 532 7

407 673 570 720 unus
612 655 800 732 locus,
845 655 1019 740 cujus
1062 655 1128 718 in
1169 653 1406 738 protasi
1447 659 1544 718 est
1570 653 2157 738 plusquamperfecti
2190 654 2631 737 conjunctivus
2676 654 2798 720 huc
2840 675 2985 738 per..

410 758 636 822 tineat:
680 757 724 821 h
744 755 851 833 IV,
901 759 981 822 13
1026 757 1244 822 eadem
1268 755 1658 820 Hordeonius
1683 755 1943 821 Flaccus
1973 777 2265 839 praesens
2297 762 2641 833 monuerat,
2686 757 2983 821 inclinato

411 859 478 922 in
524 859 976 940 Vespasianum
1019 860 1227 923 animo
1271 864 1334 922 et
1389 859 1477 922 rei
1529 859 1811 941 publicae
1856 880 2034 935 cura,
2092 860 2191 922 6111
2238 859 2545 924 excidium
2589 858 2987 936 adventabat,

413 962 465 1024 si
508 960 1006 1042 redintegratum
1047 959 1278 1024 bellum
1323 967 1386 1024 et
1430 965 1526 1024 tot
1570 981 1887 1024 armorum
1929 961 2101 1024 milia
2146 961 2395 1024 Italiam
2434 961 2837 1044 inrupissent,
2882 960 2991 1025 ubi

414 1084 623 1126 rerum
669 1069 904 1126 statum
947 1083 1070 1126 non
1114 1062 1314 1143 qualis
1359 1061 1574 1126 Tacito
1619 1061 1807 1126 fuisse
1863 1061 2131 1137 videtur,
2186 1063 2295 1144 qui
2348 1082 2472 1125 non
2526 1063 2796 1125 evenisse
2851 1083 2991 1126 eam

415 1163 835 1228 condicionem
880 1164 1068 1240 novit,
1113 1163 1220 1226 sed
1265 1162 1466 1244 qualis
1509 1164 1604 1227 vel
1650 1165 1779 1247 ipse
1822 1165 1917 1228 vel
1962 1183 2039 1226 ex
2057 1162 2407 1227 Hordeonei
2431 1162 2638 1228 Flacci
2683 1165 2991 1228 sententia
3073 1171 3103 1210 ’-

415 1272 570 1342 erat,
614 1265 878 1330 describi
921 1285 1100 1328 nemo
1144 1285 1268 1327 non
1311 1264 1492 1328 videt.

589 1367 710 1432 Sed
753 1367 908 1432 haec
951 1367 1280 1431 hactenus:
1351 1387 1684 1450 pergamus
1727 1367 1809 1431 ad
1853 1369 2108 1432 tertium
2152 1389 2376 1450 genUS,
2420 1367 2587 1450 quod
2630 1374 2726 1432 est
2769 1389 2987 1432 earum
3086 1433 3095 1447 ,

419 1469 861 1544 condicionum,
908 1489 1068 1551 quae
1089 1490 1214 1532 non
1227 1459 1479 1533 'evenire
1507 1470 1602 1534 vel
1645 1469 1917 1533 evenisse
1947 1470 2259 1535 dicuntur.
2348 1468 2538 1558 Cujus
2583 1471 2991 1534 usitatissima

421 1570 621 1634 forma
663 1591 739 1635 ea
783 1576 893 1646 est,
939 1577 1010 1634 ut
1034 1563 1457 1655 conjunctivus
1502 1572 1583 1634 sit
1602 1575 1666 1634 et
1707 1576 2027 1652 protaseos
2071 1578 2135 1635 et
2165 1571 2501 1654 apodoseos
2545 1569 2987 1652 praedicatum.

419 1671 536 1736 Est
578 1672 732 1736 haec
775 1671 942 1754 apud
1001 1671 1286 1769 Tacitum
1341 1693 1736 1754 nequaquam
1788 1679 1922 1737 tam
1977 1694 2125 1737 rara
2180 1695 2370 1755 quam
2420 1671 2696 1754 plerique
2746 1677 2990 1753 putant.

421 1773 741 1838 Invenitur
807 1774 971 1837 enim
1040 1775 1105 1837 in
1155 1780 1423 1856 utraque
1495 1775 1839 1838 sententiae
1904 1781 2084 1857 parte
2134 1775 2563 1858 conjunctivus
2628 1772 2994 1855 imperfecti:

422 1875 479 1938 D
527 1876 584 1950 1,
627 1877 730 1950 41,
774 1875 817 1938 h
861 1875 942 1951 II,
991 1878 1090 1952 76,
1137 1877 1214 1940 77
1262 1899 1302 1940 a
1344 1875 1423 1950 ΙΙ,
1470 1877 1572 1951 35,
1621 1877 1698 1940 71
1745 1875 2360 1958 plusquamperfecti:
2417 1875 2474 1938 D
2516 1876 2597 1939 41
2644 1873 2700 1936 A
2746 1875 2843 1949 16,
2889 1876 2992 1951 26,

424 1980 504 2043 37
551 1978 595 2041 11
637 1977 686 2053 Ι,
733 1979 812 2042 37
857 1977 938 2054 ΙΙ,
988 1979 1087 2053 14,
1131 1980 1215 2042 66
1260 1978 1371 2054 ΙΠ,
1417 1979 1474 2053 9,
1521 1981 1604 2044 23
1647 1978 1758 2054 ΙΙΙ,
1806 1968 2075 2055 4Ο,“71,
2123 1981 2234 2053 77,
2292 1979 2377 2042 80
2418 1976 2533 2052 IV,
2580 1977 2665 2040 34
2709 1976 2782 2051 V,
2834 1978 2911 2041 18
2955 1997 2996 2038 a

421 2081 471 2158 I,
516 2084 600 2147 39
643 2081 723 2158 Π,
770 2082 852 2146 39
896 2081 1007 2157 ΠΙ,
1051 2082 1136 2146 53
1179 2081 1426 2163 (quodsi
1468 2102 1710 2146 mecum
1754 2087 1901 2146 ante
1944 2082 2056 2146 viri
2083 2083 2337 2157 strenui,
2382 2080 2629 2154 aedileS,
2673 2080 2993 2143 consilium

423 2183 803 2260 habuissent,
862 2185 1066 2248 nescio
1111 2205 1193 2248 an
1237 2203 1532 2248 suasurus
1587 2184 1808 2247 fuerim
1864 2184 2007 2267 cet.)
2064 2183 2181 2259 IV,
2230 2185 2309 2248 13
2364 2179 2511 2258 XII,
2561 2181 2665 2256 16,
2724 2183 2832 2256 37,
2892 2183 2994 2255 38,

425 2288 527 2361 42,
571 2286 686 2362 543
730 2285 794 2348 in
833 2286 1073 2368 protasi
1113 2285 1557 2368 imperfectum,
1601 2287 1666 2350 in
1715 2285 1969 2368 apodosi
1998 2282 2668 2368 plusquamperfectum
2710 2282 2777 2345 hi
2822 2283 2995 2346 exhi-

425 2386 574 2452 bent
617 2389 762 2451 loci:
807 2387 864 2450 D
909 2388 968 2464 4,
1014 2388 1115 2463 34,
1160 2389 1216 2450 A
1261 2388 1342 2452 23
1388 2409 1427 2451 a
1471 2387 1611 2464 XII,
1657 2389 1738 2454 37
1783 2387 1956 2463 XIII,
2003 2389 2105 2462 49,
2151 2392 2369 2450 contra
2426 2386 2491 2449 in
2544 2386 2781 2469 protasi
2823 2385 2996 2478 plus-

427 2489 986 2572 quamperfectum,
1041 2491 1105 2553 in
1159 2490 1415 2572 apodosi
1469 2490 1898 2572 imperfectum
1943 2491 2035 2554 hi:
2090 2491 2147 2553 D
2197 2492 2293 2566 10,
2350 2489 2403 2551 A
2448 2491 2507 2564 2,
2554 2490 2638 2554 34
2681 2488 2724 2551 11
2766 2488 2847 2564 ΙΙ,
2894 2491 2993 2555 62.

428 2590 722 2656 Videmus
766 2591 956 2674 igitur
998 2592 1062 2654 in
1105 2590 1432 2656 annalibus
1476 2593 1772 2674 pauciora
1833 2613 1965 2656 esse
2016 2611 2206 2674 quam
2261 2591 2326 2653 in
2376 2589 2649 2654 historiis
2699 2591 2996 2672 exempla.

428 2688 662 2757 Contra
704 2693 887 2776 plura
938 2694 1002 2756 111
1056 2693 1176 2758 11116
1231 2694 1516 2776 obliquae
1571 2693 1869 2758 orationis
1920 2692 2341 2766 inveniuntur,
2394 2710 2429 2754 e
2486 2689 2711 2773 quibus
2761 2693 2999 2774 primae
3053 2713 3061 2718 ·

429 2795 650 2877 speciei
692 2794 1022 2877 respondet
1063 2817 1284 2859 unum:
1329 2795 1446 2860 XV
1475 2797 1559 2861 24
1603 2795 1909 2860 secundae
1952 2795 2137 2858 haec:
2178 2793 2260 2868 H,
2307 2794 2407 2868 31,
2456 2794 2536 2858 73
2570 2793 2676 2871 IV,
2726 2797 2803 2860 18
2830 2793 2997 2870 XIV,

430 2899 512 2961 29
557 2895 707 2958 XVI
749 2898 851 2971 24,
892 2898 956 2959 111
999 2896 1222 2976 quibus
1264 2896 1548 2960 omnibus
1602 2903 1853 2980 praeter
1906 2917 2101 2960 unum
2164 2893 2353 2981 (XIV,
2400 2895 2511 2979 29)
2568 2898 2861 2961 omissum
2905 2901 3000 2960 est

429 2998 634 3071 fuisse,
680 3002 944 3077 quartae
986 3017 1209 3059 unum:
1254 2996 1362 3073 XI,
1385 2999 1481 3061 16.
1525 2993 1948 3063 Historiarum
1971 2998 2251 3081 exempla
2287 3018 2411 3063 non
2448 3004 2595 3063 sunt
2634 2999 2699 3062 in
2744 2998 2996 3080 obliqua

429 3099 726 3174 oratione,
771 3103 990 3162 contra
1032 3098 1097 3161 in
1157 3099 1478 3162 enuntiato
1520 3101 1936 3166 consecutivo:
1990 3100 2037 3176 Ι,
2084 3102 2185 3176 26,
2228 3100 2293 3163 111
2335 3099 2593 3164 relativo
2634 3101 2740 3176 IV,
2790 3103 2844 3166 7.

603 3201 810 3282 Atque
852 3200 1006 3264 haec
1050 3201 1115 3264 in
1159 3201 1530 3277 universum,
1577 3200 1862 3284 deinceps
1906 3202 2213 3285 quaedam
2258 3201 2616 3286 singillatim
2660 3202 2737 3266 de
2780 3203 2999 3266 talium

430 3303 880 3368 sententiarum
923 3302 1088 3386 apud
1133 3301 1418 3368 Tacitum
1463 3301 1830 3367 formatione
1874 3308 2021 3368 sunt
2064 3303 2339 3368 dicenda.

603 3403 769 3470 Satis
811 3410 1058 3468 constat
1121 3424 1303 3486 saepe
1350 3404 1414 3466 in
1467 3403 1978 3469 condicionalium
2032 3406 2498 3469 enuntiatorum
2540 3409 2604 3468 et
2656 3406 2891 3488 protasi
2934 3410 2998 3468 et

431 3507 686 3590 apodosi
749 3504 1007 3570 Latinos
1071 3505 1148 3569 de
1211 3505 1394 3568 rebus
1456 3507 1837 3588 praeteritis,
1902 3513 2207 3590 tanquam
2262 3508 2453 3570 oculis
2506 3505 3000 3584 obversarentur,

434 3610 754 3692 loquentes
800 3607 1128 3672 collocasse
1171 3606 1618 3690 imperfectum,
1665 3607 1772 3672 ubi
1816 3607 1991 3672 nobis
2036 3607 2464 3690 usurpandum
2506 3613 2603 3670 est
2642 3607 3003 3690 plusquam-

431 3711 787 3794 perfectum.
878 3709 1079 3792 Hujus
1121 3709 1310 3771 moris
1365 3708 1533 3791 apud
1587 3709 1874 3774 Tacitum
1940 3730 2063 3774 non
2125 3711 2391 3792 amplius
2446 3730 2636 3792 quam
2690 3708 2813 3773 duo
2856 3717 3005 3775 sunt

433 3812 731 3895 exempla,
775 3816 1110 3891 utrumque
1152 3810 1218 3872 in
1261 3809 1590 3874 annalibus
1631 3815 1696 3874 et
1738 3810 1989 3892 quidem
2031 3811 2097 3875 in
2151 3811 2553 3888 orationibus,
2616 3816 2894 3876 aeterum
2937 3814 3003 3876 in

431 3919 603 3979 recta
645 3913 785 3989 XII,
831 3915 910 3978 37
943 3911 1208 3976 alterum
1252 3911 1316 3974 in
1359 3910 1608 3995 obliqua
1652 3911 1760 3989 XI,
1805 3915 1907 3978 36.
1996 3914 2071 3976 In
2114 3915 2331 3978 ceteris
2374 3913 2659 3979 omnibus
2700 3914 3001 3996 ejusmodi

431 4017 768 4080 enuntiatis
821 4037 862 4080 a
902 4018 1114 4078 nostro
1156 4033 1328 4077 more
1367 4014 1470 4078 ille
1509 4034 1634 4078 non
1677 4014 1970 4079 abscedit,

604 4117 797 4182 Porro
841 4116 918 4181 de
961 4136 1156 4180 essem
1211 4121 1280 4180 et
1335 4115 1529 4180 forem
1573 4115 1915 4182 formarum
1968 4137 2087 4183 usu
2150 4117 2457 4202 quaedam
2520 4123 2671 4182 sunt
2723 4117 3002 4195 dicenda,

432 4220 736 4302 liceatque
801 4239 962 4302 quae
1038 4218 1116 4282 de
1170 4218 1285 4282 hoc
1362 4219 1551 4282 etiam
1605 4219 1670 4281 in
1721 4220 1940 4284 ceteris
1990 4220 2499 4285 condicionalium
2554 4221 3005 4284 sententiarum

434 4321 758 4402 generibus
802 4327 1061 4405 possunt
1084 4319 1416 4397 observari,
1462 4321 1561 4384 hic
1594 4322 1895 4408 colligere.
1986 4325 2123 4400 Qua
2162 4325 2227 4387 in
2270 4345 2338 4386 re
2382 4345 2423 4388 a
2464 4322 2718 4404 reliquis
2760 4322 3007 4403 scriptis

439 4422 846 4487 secernendus
889 4427 984 4488 est
1027 4422 1309 4504 dialogus
1353 4422 1430 4486 de
1458 4421 1828 4501 oratoribuS,
1870 4427 2096 4509 quippe
2139 4427 2203 4488 in
2247 4447 2370 4507 quo
2414 4424 2641 4506 ubique
2682 4422 2765 4485 sit
2808 4421 3008 4486 forma

433 4529 612 4602 esset,
667 4531 732 4589 61
785 4545 896 4607 per
950 4546 1014 4588 se
1067 4525 1270 4607 posita
1323 4545 1374 4588 c.
1419 4527 1498 4590 41
1559 4531 1622 4592 et
1678 4528 2010 4612 conjuncta
2059 4549 2201 4592 cum
2254 4527 2595 4610 participiis
2650 4545 2702 4589 c.
2755 4527 2785 4588 1
2838 4526 3007 4607 (pro-

432 4627 714 4703 ferenda,
757 4627 1148 4708 repetendus)
1209 4649 1258 4689 c.
1311 4629 1392 4690 10
1441 4634 1506 4691 et
1561 4628 1642 4692 41
1703 4630 1939 4714 (natus)
1992 4651 2043 4692 c.
2097 4630 2183 4693 42
2250 4629 2570 4711 (exactus).
2670 4626 3004 4692 Prsoeterea
