3600 5392
1683 441 1774 528 ²12⁰,

439 648 768 746 ⁸clientium
819 649 901 716 ad
943 647 1396 716 Maroboduum
1459 651 1842 734 perfugisset.
1902 691 1986 698 -—-
2040 651 2113 715 Id
2170 647 2421 715 tantum
2488 647 2860 714 monendum
2926 653 3021 713 est

453 755 634 838 hujus
679 755 922 838 quoque
967 754 1189 836 speciei
1226 748 1696 816 'collocationem
1740 753 1926 816 semel
1970 775 2101 817 esse
2144 751 2467 822 inversam.

483 935 490 942 ⁹
625 857 817 921 Porro
861 859 983 921 huc
1025 854 1338 940 pertinent
1381 855 1666 938 obliquae
1710 857 2007 920 orationis
2066 857 2323 938 aliquot-
2356 857 2664 940 exempla,
2721 855 2754 918 e
2798 853 3021 936 quibus

455 959 603 1024 duo:
684 960 737 1022 A
786 963 881 1026 13.
952 959 1237 1042 Agitasse
1303 959 1530 1022 Gaium
1589 956 1919 1022 Caesarem
1990 958 2086 1021 de·
2120 959 2415 1022 intranda
2471 956 2799 1022 Britannia
2871 955 3021 1020 satis

454 1069 716 1139 constat,
761 1065 824 1127 ni
867 1063 1043 1126 velox
1087 1063 1330 1144 ingenio
1375 1060 1585 1124 mobili
1627 1059 2064 1144 paenitentiae,
2111 1065 2173 1124 et
2216 1063 2495 1144 ingentes
2540 1061 2833 1125 adversus
2865 1057 3021 1122 Ger-

455 1163 728 1230 maniam
771 1173 1028 1231 conatus
1073 1166 1305 1228 frustra
1337 1164 1598 1227 fuissent
1641 1169 1705 1227 et
1731 1186 1784 1227 a.
1815 1163 1899 1240 Ill,
1918 1167 2025 1228 ‘16
2054 1151 2439 1247 amicos'ejus
2466 1164 2849 1228 dictitavisse
2877 1213 2889 1224 .
2921 1215 2934 1228 .
2970 1213 2979 1224 .
3009 1211 3020 1223 .

454 1269 832 1332 destinatum
894 1289 1174 1350 promere
1237 1266 1404 1348 apud
1473 1270 1684 1349 patres
1737 1267 2197 1348 principemque
2251 1287 2537 1348 arguere,
2605 1267 2667 1328 ni
2724 1266 2928 1328 elusus
2986 1287 3024 1328 a

456 1369 677 1454 Sejano
711 1364 832 1454 ‘per
873 1393 1034 1434 vana
1077 1368 1380 1454 promissa
1435 1367 1611 1444 foret,
1655 1407 1741 1414 —
1782 1368 1937 1432 talia
2004 1374 2179 1444 sunt,
2248 1376 2320 1432 ut
2377 1363 2428 1432 si
2471 1367 2593 1433 huc
2643 1387 3024 1442 revocaver0‚

453 1470 555 1537 vix
599 1473 928 1556 quisquam
971 1473 1470 1536 contradicturus
1527 1471 1637 1545 sit3
1703 1476 1923 1533 contra
1990 1471 2053 1533 in
2097 1466 2421 1552 Agricolae
2476 1469 2595 1534 alio
2642 1469 2800 1534 loco:
2876 1491 2907 1533 c
2952 1471 3023 1535 4:

331 1567 336 1574 ⁵
423 1576 750 1662 ,memoria
793 1581 997 1651 tene0‚
1049 1575 1300 1638 solitum
1352 1574 1556 1657 ipsum
1600 1595 1861 1637 narrare
1918 1574 1981 1636 s'e
2039 1572 2243 1655 prima
2301 1575 2363 1636 in
2420 1574 2680 1657 juventa
2752 1567 3026 1636 studium

451 1671 874 1760 philosophiae
916 1678 1120 1741 acrius
1163 1677 1331 1740 ultra
1373 1697 1562 1758 quam
1607 1697 1961 1739 concessum
1994 1675 2273 1739 Romano
2317 1698 2390 1738 ac
2412 1677 2689 1738 senatori
2724 1675 3019 1749 hausisse,

455 1780 518 1842 ni
561 1780 898 1862 prudentia
956 1763 1178 1868 matris*
1242 1780 1558 1843 incensum
1631 1801 1704 1842 ac
1770 1775 2169 1859 flagrantem.
2206 1777 2483 1842 animum
2528 1777 2895 1840 coercuisset
2938 1816 3022 1822 ——

453 1881 729 1964 plerique
772 1905 846 1944 ex
887 1881 1244 1966 imperfecto
1317 1881 1647 1944 hauriebat
1703 1881 1740 1944 i.
1788 1901 1839 1945 e.
1886 1879 2135 1944 haurire
2192 1885 2479 1962 coeperat
2534 1880 2842 1962 explicant
2887 1901 3027 1962 pcr-

451 1985 596 2048 fecti
636 1985 1023 2048 infinitivum.
1113 1983 1254 2047 Non
1296 1989 1489 2047 recte:
1534 1983 1638 2046 vix
1682 1984 1845 2046 enim
1892 1982 2222 2064 quisquam
2267 1981 2489 2046 afferat
2532 1982 2750 2057 locum,
2796 1982 2861 2044 in
2906 2003 3027 2064 quo

374 2076 379 2083 ¹
453 2085 808 2174 infinitivus⁴
834 2085 1088 2168 perfecti
1131 2085 1294 2148 nude
1338 2085 1574 2167 positus
1605 2085 1833 2149 indicet
1858 2085 2211 2149 inchoatam
2235 2085 2557 2148 actionem.
2650 2085 2792 2148 Sine
2836 2083 3023 2151 dubio

457 2187 519 2251 id
562 2188 871 2251 confessus
913 2179 1140 2250 dicitur
1183 2185 1383 2251 Taciti
1427 2209 1614 2263 socer,
1681 2210 1744 2251 se
1813 2189 2259 2270 aliquantisper
2316 2184 2497 2250 nimis
2559 2188 2783 2250 acriter
2828 2186 3027 2269 philo-

457 2291 720 2374 sophiae·
751 2291 954 2354 studio
1000 2313 1063 2353 se
1106 2290 1493 2373 implicuisse,
1542 2289 1762 2353 deinde
1787 2297 1998 2354 autem
2028 2311 2066 2352 a
2091 2293 2292 2353 matre
2316 2295 2387 2352 ut
2416 2295 2723 2354 coerceret
2752 2288 3025 2372 flagran-

433 2389 580 2457 ¹t'em
626 2387 901 2457 animum
974 2414 1104 2456 esse
1170 2378 1571 2456 admonitum.
1689 2391 1807 2454 Est
1872 2391 2065 2473 igitur
2132 2387 2539 2474 praeferenda
2586 2391 2625 2455 J
2630 2391 3027 2473 ungclauseni

455 2490 762 2560 sententia
805 2495 911 2578 qui
955 2494 1556 2578 plusquamperfecto
1601 2494 1899 2558 hauserat
1942 2495 2312 2578 respondere
2357 2491 2729 2558 infinitivum
2764 2494 3025 2577 judicat.

626 2599 926 2662 Inchoata
969 2599 1132 2662 actio
1176 2604 1288 2661 aut
1332 2596 1530 2661 verbis
1577 2597 1863 2680 coepisse,
1911 2619 2153 2678 parare,
2199 2596 2335 2660 aliis
2381 2603 2492 2661 aut
2527 2598 2654 2660 solo
2686 2597 3027 2680 imperfecti

456 2701 786 2765 indicativo
829 2701 1210 2784 exprimitur.
1257 2741 1341 2748 ——
1384 2699 1555 2764 Illius
1602 2701 1824 2784 speciei
1866 2701 2136 2782 primum
2182 2700 2529 2782 exemplum
2590 2705 2683 2764 cst
2737 2700 2802 2762 in
2846 2699 3028 2781 Agri-

457 2805 606 2888 cola,
652 2804 759 2868 ubi
801 2805 866 2868 in
907 2827 954 2868 c.
1005 2807 1102 2869 37.
1151 2805 1448 2887 scriptum
1492 2807 1612 2867 est:
1687 2803 1770 2866 Et
1824 2803 2113 2866 Britanni
2166 2851 2177 2864 .
2229 2850 2241 2862 .
2290 2850 2301 2863 .
2352 2851 2364 2864 .
2421 2801 2671 2884 degredi
2725 2801 3029 2884 paulatim

455 2914 520 2971 et
561 2908 881 2970 circumire
926 2901 1102 2988 terga
1145 2903 1519 2969 vincentium
1565 2910 1923 2988 coeperant,
1984 2905 2045 2967 ni
2090 2905 2154 2967 id
2209 2906 2413 2986 ips'um
2467 2903 2697 2968 veritus
2743 2904 3030 2985 Agricola

458 3017 756 3093 quattuor
799 3006 1074 3092 'equitum
1119 3009 1252 3072 alas
1297 3007 1377 3071 ad
1423 3007 1632 3071 subita
1675 3005 1820 3069 belli
1863 3012 2155 3082 retentaS,
2200 3006 2584 3069 venientibus
2628 3008 3027 3088 opposuisset.

455 3113 611 3177 Cum
654 3113 770 3176 hoc
822 3113 1003 3194 plane
1077 3111 1447 3174 conveniunt
1511 3109 1632 3172 duo
1689 3109 2120 3173 historiarum:
2188 3110 2309 3185 ΙΙΙ,
2369 3113 2452 3176 46
2509 3111 2765 3194 jamque
2822 3115 3029 3176 castra

455 3217 766 3298 legionum
811 3213 1162 3277 exscindere
1206 3213 1533 3297 parabant,
1579 3214 1643 3276 ni
1667 3212 1993 3276 Mucianus
2024 3217 2264 3276 sextam
2295 3213 2595 3295 legionem
2627 3216 3025 3298 opposuisset.

455 3316 559 3395 IV,
608 3321 687 3382 36
733 3315 948 3380 eadem
992 3313 1056 3378 in
1099 3313 1398 3379 Voculam
1443 3314 1848 3396 parabantur,
1906 3313 2026 3376 nisi
2070 3315 2272 3378 servili
2317 3315 2537 3380 habitu
2580 3340 2691 3400 per
2736 3317 3026 3382 tenebras

455 3415 774 3502 ignoratus
820 3418 1129 3494 evasisset,
1177 3457 1260 3464 —-
1302 3424 1490 3500 atque
1535 3419 1659 3481 tria
1701 3417 2048 3482 annalium:
2100 3418 2145 3492 Ι,
2205 3421 2285 3484 23
2332 3419 2483 3502 quin
2542 3421 2711 3502 ipsae
2755 3422 2917 3484 inter
2962 3443 3025 3483 se

458 3521 722 3604 legiones
752 3527 970 3584 octava
1001 3527 1062 3584 et
1091 3521 1311 3603 quinta
1340 3519 1598 3584 decuma
1626 3517 1861 3583 ferrum
1895 3517 2224 3602 parabant,
2271 3571 2282 3583 .
2320 3571 2331 3584 .
2382 3572 2394 3584 .
2445 3573 2456 3585 .
2504 3524 2569 3586 ni
2612 3525 2787 3586 miles
2830 3544 3027 3587 nona-

457 3646 573 3688 nus
598 3645 808 3708 preces
831 3628 893 3685 et
921 3623 1248 3686 adversum
1278 3625 1668 3705 aspernantis
1690 3623 1891 3686 minas
1913 3623 2332 3705 interjecisset.
2366 3625 2471 3701 XI,
2502 3629 2581 3690 10
2606 3633 2667 3689 et
2686 3627 3031 3708 reciperare

456 3726 816 3789 Armeniam
859 3725 1105 3801 avebat,
1151 3727 1216 3788 ni
1263 3749 1302 3790 a
1349 3726 1524 3790 Vibio
1570 3725 1807 3802 Marso,
1855 3725 2071 3790 Suriae
2115 3726 2315 3808 legato
2336 3777 2349 3802 ,
2397 3728 2626 3792 bellum
2683 3730 3027 3800 minitante,

457 3827 762 3892 cohibitus
789 3828 963 3892 foret.
1000 3829 1183 3905 ·X111‚
1231 3829 1270 3893 5
1316 3829 1468 3912 quin
1513 3834 1574 3892 et
1617 3827 1839 3910 legatis
1862 3828 2297 3892 Armeniorum
2342 3852 2596 3894 causam
2639 3831 2839 3912 gentis
2864 3829 3028 3914 apud

460 3931 768 3994 Neronem
809 3923 1130 3996 orantibus
1173 3931 1498 3995 escendere
1543 3939 1901 4014 suggestum
1944 3928 2334 4015 imperatoris
2379 3941 2440 3998 et
2470 3934 2818 4018 praesidere
2848 3931 3029 3999 simul

458 4033 742 4116 parabat,
787 4034 852 4097 ni
897 4035 1114 4098 ceteris
1168 4056 1396 4117 pavore
1447 4033 1661 4098 defixis
1709 4034 1941 4098 Seneca
2000 4035 2453 4120 admonuisset,
2520 4039 2786 4101 venienti
2843 4039 3029 4101 matri

457 4143 821 4218 occurreret.
911 4136 1225 4201 Audacior
1254 4143 1348 4201 est
1403 4132 1554 4201 haec
1601 4141 1948 4201 structura:
1992 4136 2071 4213 II,
2118 4141 2201 4203 46
2248 4139 2736 4222 sperabaturque
2779 4162 3028 4203 rursum

457 4259 682 4321 pugna,
728 4241 794 4302 ni
837 4239 1256 4304 Maroboduus
1301 4245 1509 4303 castra
1561 4241 1626 4302 in
1669 4239 1853 4302 colles
1905 4239 2311 4304 subduxisset.
2412 4241 2699 4307 Inversus
2753 4250 2846 4307 est
2890 4263 3030 4306 sen-

457 4341 795 4405 tentiarum
831 4343 981 4405 ordo
1025 4344 1090 4406 in
1133 4342 1250 4406 hoc
1294 4343 1597 4425 exemplo:
1645 4341 1750 4417 IV,
1802 4343 1897 4406 71.
1946 4343 2025 4406 Ni
2048 4343 2197 4406 mihi
2243 4343 2622 4408 destinatum
2642 4348 2801 4410 foret
2846 4369 3027 4411 suum

457 4465 735 4527 quaeque
779 4443 844 4506 in
889 4467 1120 4509 annum
1165 4445 1411 4521 referre,
1457 4445 1679 4510 avebat
1736 4445 1980 4509 animus
2026 4447 2257 4522 antire;
2324 4447 2399 4512 de
2459 4451 2584 4530 'quo
2638 4451 2800 4515 idem
2845 4455 3026 4520 valet.

457 4543 623 4630 quod
665 4545 741 4608 de
785 4547 1020 4628 primae
1065 4549 1286 4632 speciei
1329 4546 1476 4612 locis
1522 4569 1708 4631 supra
1753 4549 2039 4614 diximus,
2088 4588 2173 4596 —-
2215 4549 2327 4627 Ea,
2374 4567 2533 4634 quae
2568 4558 2765 4619 restat
2806 4555 3026 4640 figura,
