3600 5392
1845 421 1887 483 6
1940 472 1948 481 ,

580 607 1038 683 creberrimum,
1081 628 1216 671 esse
1243 608 1435 689 ipsius
1461 606 1805 687 praesentis
1848 604 2268 679 indicativum,
2312 606 2487 690 cujus
2529 606 2816 671 facillime
2844 605 3151 669 toleratur

581 710 1024 794 conjunctivus,
1740 764 1758 777 .

760 812 992 887 Quodsi
1035 813 1243 876 omnia
1286 832 1446 894 quae
1490 811 1567 873 de
1608 811 1811 893 primo
1852 816 1916 873 et
1952 810 2217 873 secundo
2246 810 2757 875 condicionalium
2800 811 3153 874 enuntiato-

581 934 722 977 rum
765 934 988 993 genere
1030 912 1595 986 animadvertimus,
1641 911 1907 974 brevites
1951 911 2443 993 complectimur,
2499 914 2807 993 sequitur,
2850 932 2970 975 non
3016 917 3150 974 tam

583 1014 665 1079 ad
709 1014 1075 1080 variandam
1117 1016 1460 1079 orationem
1504 1035 1692 1095 quam
1736 1012 1818 1077 ad
1853 1013 2351 1094 distinguendam
2381 1014 2828 1077 sententiarum
2856 1018 3153 1076 naturam

583 1140 724 1181 cum
767 1118 832 1181 in
876 1118 1159 1183 omnibus
1203 1125 1340 1181 tum
1383 1119 1448 1181 in
1503 1116 1946 1180 recentioribus
2003 1117 2247 1198 scriptis
2297 1116 2667 1198 conjunctivi
2722 1121 2786 1179 et
2836 1113 3153 1178 indicativi

582 1240 764 1283 usum
808 1220 976 1302 apud
1021 1220 1310 1302 aequales
1361 1220 1723 1303 plerumque
1745 1220 2182 1301 ‘promiscuam
2225 1216 2577 1282 adhibuisse
2620 1217 2923 1281 Tacitum.

751 1321 967 1403 Neque
1031 1310 1242 1385 tamen
1314 1321 1396 1385 ad
1465 1320 1650 1385 finem
1722 1320 2122 1403 perduximus
2208 1320 2283 1383 de
2340 1320 2590 1384 secundi
2644 1320 2884 1403 generis
2940 1318 3151 1383 condi-

583 1425 860 1488 cionibus
903 1425 1343 1505 quaestionem.
1436 1423 1648 1488 Solent
1689 1424 2057 1487 contendere
2099 1422 2486 1504 grammatici
2529 1422 2967 1503 primariorum
3010 1425 3153 1484 tan-

585 1532 722 1590 tum
780 1532 1130 1607 temporum
1191 1525 1608 1609 conjunctivos
1675 1525 1966 1607 usurpari
2036 1523 2113 1587 de
2183 1523 2367 1587 rebus
2440 1544 2600 1606 quae
2662 1524 2905 1587 evenire
2977 1544 3154 1605 posse

587 1628 903 1691 dicantur:
977 1628 1042 1691 in
1101 1625 1302 1691 Taciti
1352 1626 1625 1689 historiis
1688 1631 1750 1689 et
1802 1626 2131 1689 annalibus
2188 1625 2530 1709 compliues
2587 1626 2790 1689 inveni
2858 1625 3021 1689 locos
3089 1626 3151 1687 in

581 1729 804 1811 quibus
847 1728 1167 1811 praeteriti
1211 1729 1667 1811 conjunctivum
1711 1728 1775 1789 in
1825 1728 2079 1807 protasi,
2140 1725 2541 1790 indicativum
2584 1728 2649 1789 in
2693 1725 2947 1808 apodosi
2990 1726 3155 1807 posi-

586 1834 722 1895 tum
766 1852 890 1893 non
933 1830 1128 1912 possis
1179 1826 1362 1893 aliter
1413 1828 1719 1911 explicare
1775 1849 1965 1911 quam
2025 1849 2096 1891 eo
2140 1828 2305 1910 quod
2351 1829 2655 1892 incertum
2706 1829 2893 1892 fuisse
2943 1827 3153 1891 condi-

585 1931 774 1995 cionis
817 1936 1104 1995 eventum
1151 1930 1548 2012 significatur.

759 2032 832 2095 In
875 2032 1165 2107 historiiS,
1210 2032 1315 2108 IV,
1363 2036 1420 2107 6,
1475 2032 1765 2105 refertur,
1820 2030 2101 2095 Helvidio
2146 2031 2355 2095 Prisco
2400 2032 2762 2096 Marcellum
2816 2030 3155 2095 delatorem

585 2140 916 2198 accusante
957 2134 1023 2197 in
1065 2140 1277 2217 partes
1321 2134 1641 2198 diductum
1685 2154 1817 2196 esse
1862 2138 2175 2197 senatum:
2221 2155 2405 2208 „nam
2449 2134 2499 2197 si
2530 2134 2778 2198 caderet
2809 2131 3155 2205 Marcellus,

585 2257 806 2317 agmen
861 2258 1108 2299 reorum
1151 2236 1603 2299 sternebatur.“
1669 2234 1841 2311 Quae
1884 2236 2235 2318 quicunque
2278 2241 2517 2299 attente
2561 2236 2794 2317 legerit,
2839 2235 3158 2315 intelliget,

587 2358 712 2401 non
754 2337 970 2402 eadem
1013 2359 1144 2401 esse
1189 2338 1342 2401 haec
1385 2359 1458 2401 ac
1503 2338 1554 2400 si
1599 2338 1690 2401 ita
1733 2344 1897 2401 esset
1944 2340 2265 2420 scriptum:
2300 2346 2307 2352 ‘
2338 2339 2388 2402 si
2448 2339 2763 2403 cecidisset
2809 2340 3155 2419 MarcelluS‚

589 2462 812 2523 agmen
856 2462 1104 2504 reorum
1149 2445 1416 2503 stratum
1459 2446 1637 2514 esset,
1683 2478 1768 2486 -—
1814 2441 1921 2504 sed
1950 2440 2211 2504 describi
2242 2462 2452 2504 rerum
2482 2446 2735 2515 statum,
2780 2441 2981 2523 qualis
3026 2462 3161 2504 esse

589 2542 914 2607 videbatur
957 2542 1337 2624 aequalibUS,
1382 2536 1648 2606 maxime
1693 2542 2098 2607 senatoribus
2190 2542 2355 2619 Quos
2400 2544 2452 2605 si
2476 2542 2794 2624 loquentes
2818 2542 3159 2605 induxisset

590 2646 870 2727 scriptor,
931 2643 1083 2707 haec
1149 2643 1274 2705 fere
1343 2664 1556 2705 eorum
1628 2650 1835 2707 essent
1896 2644 2111 2708 verba:
2186 2646 2237 2707 si
2296 2644 2483 2707 cadat
2526 2644 2872 2714 Marcellus,
2945 2666 3165 2724 agmen

591 2766 838 2808 reorum
883 2744 1200 2819 sternitur,
1257 2765 1416 2827 quae
1459 2742 1541 2807 ad
1585 2745 1994 2826 praeteritum
2041 2750 2284 2829 tempus
2330 2745 2638 2809 translata
2681 2745 2745 2807 id
2787 2746 2991 2827 ipsiun
3034 2746 3167 2809 effi·
3241 2736 3249 2745 ⁶

597 2847 768 2909 ciunt
810 2846 978 2927 quod
1030 2846 1304 2927 legimus,
1405 2844 1693 2909 Ceterum
1748 2846 1958 2910 lat-inis
2014 2847 2215 2910 verbis
2258 2847 2442 2929 plane
2500 2847 2875 2928 respondent
2931 2854 3163 2911 nostra:

596 2948 836 3023 „Wenn
879 2946 1210 3011 Marcellus
1253 2946 1382 3021 fiel,
1457 2969 1526 3011 so
1577 2948 1786 3012 wurde
1840 2951 1941 3012 ein
1984 2971 2211 3031 ganzer
2266 2948 2469 3013 Haufe
2536 2969 2653 3012 von
2698 2949 3168 3013 Denuncianten

593 3070 710 3112 von
741 3049 1092 3115 Profession
1135 3071 1212 3111 zu
1243 3048 1414 3113 Falle
1457 3050 1822 3131 gebracht“3
1867 3050 2091 3132 quibus
2134 3057 2347 3115 utrum
2373 3050 2661 3113 ceciderit
2704 3072 2895 3114 necne
2936 3052 3171 3134 pariter
3246 3048 3251 3053 ’

592 3152 657 3215 111
701 3153 940 3215 incerto
1008 3151 1395 3232 relinquitur,
1465 3153 1584 3215 nisi
1646 3152 1813 3234 quod
1886 3174 1962 3215 ex
2030 3152 2223 3216 nostri
2298 3154 2595 3216 sermonis
2642 3173 2811 3216 more
2872 3152 3061 3216 etiam
3106 3153 3170 3214 in

597 3254 834 3336 protasi
904 3258 999 3315 est
1067 3251 1450 3316 indicativus,
1559 3253 1715 3317 Cum
1770 3254 1887 3317 hoc
1939 3254 2071 3317 loco
2136 3253 2317 3335 plane
2388 3256 2761 3317 conveniunt
2830 3255 3175 3337 complures

596 3353 946 3419 annalium:
991 3352 1100 3428 ΠΙ,
1149 3356 1230 3417 13
1260 3355 1426 3436 quod
1474 3356 1823 3437 (ambitiose
1866 3376 2173 3436 avareque
2208 3355 2490 3419 habitam
2532 3356 2929 3437 Hispaniam)
2974 3377 3174 3437 neque

600 3456 945 3525 convictum
989 3476 1188 3519 noxae
1231 3477 1354 3532 rec,
1401 3458 1452 3521 si
1495 3458 1766 3521 recentia
1812 3462 2139 3539 purgaret,
2202 3478 2397 3538 noque
2442 3456 2760 3520 defensum
2805 3457 3176 3521 absolutioni

599 3566 753 3634 erat,
799 3559 850 3622 si
894 3564 1212 3623 teneretur
1254 3559 1590 3643 majoribus
1619 3558 1871 3640 flagitiis
1915 3557 2086 3631 XIII,
2134 3561 2215 3624 39
2241 3581 2353 3623 nec
2395 3565 2606 3623 tamen
2634 3560 2913 3640 proximo
2957 3560 3177 3622 itinere

597 3661 824 3725 ductae
867 3660 1132 3743 legiones
1178 3683 1338 3744 quae
1383 3662 1433 3726 si
1477 3682 1722 3725 amnem
1767 3662 2018 3724 Araxen
2054 3662 2161 3743 qui
2206 3664 2446 3726 moenia
2478 3662 2694 3737 adluit,
2738 3669 2926 3744 ponte
2969 3668 3176 3725 trans-

601 3763 1023 3845 grederentur,
1069 3762 1184 3827 sub
1227 3765 1422 3827 ictum
1467 3762 1796 3838 dabantur,
1844 3784 1957 3825 nec
2000 3761 2207 3827 diflert
2250 3763 2381 3827 hic:
2438 3763 2479 3825 h
2524 3763 2570 3836 I,
2624 3766 2700 3828 13
2745 3762 2927 3827 credo
2982 3770 3046 3826 et
3090 3764 3179 3826 rei

603 3865 885 3947 publicae
930 3887 1145 3927 curam
1192 3864 1425 3928 subisse
1469 3865 1704 3927 frustra
1749 3888 1787 3927 a
1832 3864 2077 3927 Nerone
2135 3866 2477 3929 translatae
2532 3866 2598 3938 (i.
2646 3886 2696 3927 e.
2744 3885 2903 3945 quae
2946 3864 3182 3927 frustra

606 3990 647 4031 a
691 3967 932 4031 Nerone
978 3968 1290 4031 translata
1333 3970 1514 4048 crat),
1561 3967 1612 4029 si
1657 3968 1824 4049 apud
1870 3968 2178 4031 Othonem
2218 3968 2686 4048 relinqueretur.
2776 3964 3009 4029 Eadem
3056 3966 3181 4028 for-
3268 3982 3285 3995 ·

603 4076 769 4133 tasse
813 4077 910 4133 est
967 4070 1130 4133 ratio
1183 4069 1495 4131 enunciati
1557 4090 1632 4131 cx
1691 4070 2119 4151 conjunctione
2171 4070 2559 4133 consecutiva
2616 4069 2925 4150 suspensi:
2984 4068 3027 4131 11
3072 4067 3181 4147 ΙΙΙ,

609 4174 690 4237 63
735 4179 916 4237 tanta
961 4172 1216 4254 torpedo
1261 4172 1573 4235 invaserat
1617 4172 1913 4243 animum,
1960 4177 2031 4235 ut
2076 4173 2126 4235 si
2170 4172 2511 4253 principem
2562 4192 2703 4233 cum
2760 4170 2945 4233 fuisse
2990 4170 3176 4232 ceteri

609 4296 732 4337 non
774 4276 1212 4347 meminissent,
1258 4273 1388 4354 ipsc
1433 4272 1909 4338 oblivisceretur.
2002 4275 2073 4337 Iu
2116 4276 2211 4338 his
2254 4273 2537 4336 omnibus
2581 4273 2730 4337 locis
2775 4274 2904 4356 ipse
2948 4274 3175 4355 imper-

607 4378 750 4443 fecti
808 4378 1232 4462 conjunctivus
1296 4377 1360 4440 in
1413 4378 1648 4458 protasi
1711 4384 2047 4459 usurpatus
2106 4377 2284 4439 docet
2346 4374 2631 4439 Tacitum
2696 4396 2819 4438 non
2874 4396 3055 4438 81111111
3111 4372 3187 4435 (le

603 4499 816 4543 rerum
861 4484 1034 4543 statu
1068 4480 1370 4562 judicium
1417 4478 1688 4551 tradere,
1746 4478 1851 4541 sed
1909 4480 2113 4560 ipsum
2165 4482 2399 4541 statum
2456 4476 2562 4559 qui
2623 4483 2755 4540 tum
2801 4484 2939 4541 erat
2986 4477 3188 4558 prius-

603 4602 796 4663 quam
836 4582 1038 4650 evenit
1081 4586 1193 4647 aut
1235 4602 1361 4647 non
1403 4582 1605 4645 evenit
1647 4580 1923 4645 condicio
1968 4578 2330 4644 describere.
2420 4578 2543 4643 Sed
2601 4581 2807 4647 nescio
2858 4600 2944 4647 an
2999 4579 3191 4643 etiam
