3600 5392
1713 405 1789 470 11

455 598 752 682 jectivum
795 619 871 660 ex
913 596 1244 679 primariae
1288 595 1629 660 sententiae
1683 593 1958 676 subjecto
2010 601 2253 676 aptum:
2326 595 2369 658 h
2412 594 2490 671 H,
2548 593 2588 659 5
2643 591 2737 657 bis
2789 593 2867 658 91
2914 591 3026 660 111,

468 702 544 766 41
596 701 667 762 cf.
714 700 758 763 11
801 700 862 776 ll,
909 702 990 764 28
1035 705 1099 762 et
1142 699 1206 762 in
1249 699 1526 778 oratione
1569 697 1847 779 obliquat
1896 698 1939 760 h
1982 697 2029 774 Ι,
2074 699 2173 763 52.

637 801 832 864 Venio
875 822 1038 864 nunc
1082 800 1163 864 ad
1208 800 1272 864 id
1313 822 1505 882 genus
1563 798 2073 864 condicionalium
2145 801 2614 864 enunciatorum
2684 800 2749 863 in
2792 800 3029 882 protasi

467 904 940 986 conjunctivum,
988 905 1050 967 in
1096 903 1347 986 apodosi
1391 902 1792 966 indicativum
1836 901 2292 983 praebentium,
2338 904 2401 966 in
2446 903 2668 985 quibus
2710 903 3026 985 propriam

469 1028 644 1070 suam
689 1006 812 1068 vim
855 1006 1136 1070 obtinens
1180 1005 1548 1069 indicativus
1593 1004 1828 1086 aliquid
1852 1004 2017 1086 quod
2060 1027 2182 1068 non
2226 1006 2291 1068 in
2334 1005 2465 1070 sola
2509 1005 2879 1086 cogitatione
2922 1003 3029 1068 sed

465 1111 529 1172 in
573 1111 708 1193 ipsa
751 1131 818 1172 re
863 1114 1146 1174 versatur
1191 1107 1511 1189 significat.
1604 1106 1910 1170 Videntur
1962 1128 2061 1183 ea,
2139 1130 2297 1189 quae
2342 1107 2523 1172 modo
2588 1106 2714 1170 dixi
2758 1107 2920 1171 inter
2962 1129 3029 1171 se

465 1234 827 1295 repugnare,
874 1212 1166 1294 quoniam
1209 1211 1260 1274 si
1304 1211 1540 1292 protasi
1596 1208 1832 1291 aliquid
1884 1211 2234 1273 continetur
2285 1207 2715 1273 tantummodo
2777 1209 3031 1291 cogitati

464 1315 652 1378 etiam
697 1307 951 1397 apodosi
993 1313 1228 1396 aliquid
1271 1313 1435 1396 quod
1479 1334 1602 1375 non
1645 1334 1861 1376 revera
1903 1318 1997 1375 est
2040 1312 2297 1394 exprimi
2342 1316 2601 1393 oportet.

633 1417 717 1480 Et
761 1439 908 1480 sane
952 1417 1068 1480 1100
1111 1437 1304 1498 genus
1349 1416 1637 1498 perfectis
1683 1422 1744 1478 et
1787 1415 2088 1480 absolutis
2146 1415 2465 1479 sententiis
2510 1415 3031 1480 condicionalibus

465 1521 861 1588 annumerari
905 1541 1028 1584 non
1073 1526 1305 1602 potest:
1351 1525 1444 1582 est
1489 1519 1551 1580 in
1597 1540 1668 1580 eo
1711 1518 2023 1582 anomalia
2052 1517 2360 1601 quaedam
2405 1519 2695 1582 oratoria.
2742 1516 3031 1582 Ceterum

468 1647 588 1688 non
632 1629 727 1687 est
770 1623 850 1687 ab
905 1624 1036 1705 ipso
1082 1621 1297 1686 Tacito
1355 1622 1702 1697 inventum,
1777 1621 1886 1684 sed
1957 1622 2145 1684 etiam
2220 1619 2387 1701 apud
2436 1621 2673 1702 priores
2742 1625 2807 1683 et
2863 1619 3031 1702 apud

464 1728 662 1809 ipsum
690 1725 1042 1790 Ciceronem
1087 1723 1391 1808 quaedam.
1438 1745 1796 1806 quanquam
1827 1745 2027 1806 pauca
2050 1723 2181 1806 ejus
2210 1730 2635 1788 memorantur
2658 1745 2697 1787 a
2717 1745 3031 1805 gramma·-

465 1829 601 1892 ticis
645 1828 940 1910 exempla.
1033 1826 1153 1890 Sed
1197 1827 1420 1890 horum
1462 1827 1923 1908 comparatione
1975 1847 2097 1889 non
2150 1846 2304 1908 opus
2356 1831 2477 1890 est:
2552 1826 2704 1890 satis
2756 1826 3033 1890 omnium

468 1952 628 2013 quae
672 1931 773 1993 ille
817 1929 1113 2013 ejusmodi
1157 1928 1446 1992 formavit
1500 1928 1936 2010 exemplorum,
2002 1929 2405 2010 pertractatio
2463 1950 2503 1992 a
2556 1927 2777 2010 quibus
2842 1929 3033 1993 initiis

465 2033 770 2114 quomodo
815 2033 896 2096 sit
937 2032 1214 2113 profecta
1260 2053 1336 2094 ea
1378 2031 1596 2112 figura,
1641 2029 1901 2093 docebit.
1993 2029 2154 2094 Nam.
2206 2036 2280 2094 ut
2332 2031 2397 2093 in
2450 2031 2727 2112 linguam
2768 2032 3032 2098 latinam

463 2155 586 2198 non
631 2133 852 2210 subitO,
898 2134 1006 2198 sed
1049 2135 1274 2198 sensim
1320 2133 1586 2216 irrepsit,
1645 2135 1736 2196 ita
1781 2155 1920 2196 eam
1964 2132 2131 2215 apud
2175 2132 2460 2196 Tacitum
2516 2133 2597 2197 ab
2639 2134 3031 2200 incunabulis

468 2258 660 2318 usque
703 2237 806 2310 ‚ad
859 2237 1295 2319 perfectionem
1337 2258 1448 2318 per
1494 2235 1735 2316 singula
1779 2235 2013 2318 scripta
2055 2235 2197 2298 licet
2248 2236 2549 2317 persequi.
2629 2233 2781 2300 'Toti
2823 2240 3032 2319 generi

463 2333 526 2401 id
571 2344 665 2401 est
709 2360 1048 2413 commune,
1107 2344 1178 2401 ut
1233 2360 1346 2420 per
1387 2338 1506 2400 nisi
1562 2338 1656 2400 vel
1699 2337 1766 2400 ni
1808 2337 2179 2420 particulam
2233 2339 2297 2400 in
2342 2338 2517 2402 initio
2560 2344 2877 2422 protaseos
2921 2363 3034 2424 po-

463 2443 649 2506 sitam
723 2449 910 2524 atque
983 2464 1095 2524 per
1151 2442 1738 2524 plusquamperfecti
1808 2441 2265 2524 conjunctivum
2306 2439 2387 2518 id,
2452 2441 2619 2523 quod
2683 2444 3033 2508 continetur

462 2542 715 2624 apodosi
767 2543 1129 2626 plerumque
1183 2544 1605 2626 praecedente,
1675 2543 1770 2606 vel
1824 2544 2069 2606 irritum
2140 2543 2373 2607 iactum
2427 2544 2521 2606 vel
2574 2544 2889 2610 sublatum
2940 2545 3035 2610 vel

465 2643 804 2728 abruptum
848 2645 1212 2710 declarzetui
1303 2647 1538 2712 Contra
1581 2645 1919 2730 apodoseos
1962 2646 2137 2712 varia
2181 2652 2275 2712 est
2304 2647 2503 2712 sonna
2548 2654 2609 2711 et
2653 2649 2759 2725 viS,
2806 2651 3032 2734 quippe

465 2769 590 2828 qua
631 2753 833 2812 status
872 2749 968 2814 vel
1009 2750 1170 2814 aetio
1215 2757 1326 2815 aut
1368 2751 1641 2833 perfecta
1684 2756 1796 2814 aut
1846 2750 2139 2814 inchoata
2172 2749 2512 2818 indicetur.
2614 2749 2741 2816 Nos
2794 2751 2869 2816 de
2924 2753 3034 2817 illa

465 2851 682 2931 specie,
725 2873 884 2933 quae
929 2857 1024 2916 est
1065 2853 1422 2934 simplicim,
1468 2854 1736 2936 primum
1779 2854 2068 2916 dicemus

639 2953 1154 3062 Antiquissimum
1225 2957 1356 3038 ejus
1431 2954 1597 3037 apud
1642 2954 1927 3018 Tacitum
1991 2956 2338 3038 exemplum
2405 2962 2500 3020 est
2555 2958 2619 3020 in
2674 2958 2903 3042 dialogi
2955 2959 3031 3023 de

467 3041 815 3120 oratoribus
859 3062 1132 3120 extremo
1179 3059 1397 3139 capite,
1443 3057 1549 3121 ubi
1593 3063 1924 3140 postquam
1969 3080 2043 3140 pe
2047 3059 2279 3122 roravit
2322 3059 2670 3133 Maternus,
2712 3062 3031 3126 Messalla.

465 3165 663 3233 erant,
710 3160 927 3241 inquit,
975 3159 1197 3241 quibus
1242 3160 1744 3236 00111111111616111,
1799 3182 1868 3224 61
1868 3166 1980 3224 ant
2023 3160 2099 3224 de
2144 3160 2365 3242 quibus
2409 3163 2591 3244 plura
2634 3164 2752 3228 dici
2796 3165 3031 3243 vellem,

467 3261 583 3324 nisi
657 3263 782 3344 jam
853 3261 982 3326 dies
1055 3268 1218 3326 esset
1271 3269 1539 3326 exactus.
1652 3263 1983 3326 Existimet
2054 3263 2275 3345 aliquis
2350 3265 2621 3328 relativis
2677 3268 3030 3332 sententiis:

467 3366 727 3450 „quibus
781 3366 1304 3430 contradicerem“
1377 3373 1439 3430 et
1507 3365 1633 3448 „de
1701 3365 1925 3448 quibus
1986 3367 2167 3449 plura
2224 3367 2341 3432 dici
2394 3367 2611 3432 vellem
2629 3377 2665 3404 “
2735 3371 3034 3434 contineri

461 3469 773 3550 apodosin.
862 3469 1018 3532 Mihi
1061 3470 1256 3532 multo
1329 3468 1545 3532 fortior
1603 3489 1733 3534 esse
1814 3468 2056 3532 videtur
2118 3471 2443 3546 sententia,
2517 3492 2677 3553 quae
2746 3472 3028 3546 efficitur,

469 3572 519 3634 si
561 3572 768 3634 omnia
811 3571 891 3634 ab
935 3577 1114 3635 erant
1158 3594 1352 3654 usque
1379 3571 1462 3636 ad
1492 3572 1708 3634 vellem
1751 3593 1864 3653 pro
1884 3569 2155 3652 apodosi,
2200 3573 2682 3638 contradicerem
2713 3581 2775 3638 et
2815 3577 3031 3640 vellem

468 3696 579 3758 pro
637 3675 957 3756 qualitatis
1025 3677 1426 3758 conjunctivis
1511 3676 1934 3758 accipiuntur:
2023 3675 2340 3760 Quaedam
2402 3677 2659 3753 rectiUS,
2726 3677 3032 3760 quaedam

470 3777 769 3860 copiosius
814 3777 934 3840 dici
977 3778 1195 3843 vellem
1206 3803 1222 3854 3
1299 3779 1404 3841 sed
1472 3779 1764 3860 quoniam
1809 3779 1945 3861 jam
1989 3785 2241 3842 exactus
2308 3785 2403 3842 est
2457 3779 2586 3843 dies
2630 3802 2743 3844 1160
2784 3789 3033 3848 contra-

469 3879 687 3954 dicam,
753 3902 865 3943 nec
922 3886 992 3944 ut
1048 3881 1231 3963 plura
1283 3881 1572 3944 dicantur
1625 3880 1968 3964 postulabo,
2068 3881 2283 3964 Neque
2335 3886 2544 3945 tamen
2596 3881 2660 3945 id
2709 3905 2893 3966 negO,
2965 3887 3031 3950 in

470 3983 614 4064 ipsis
685 3983 958 4048 relativis
1029 3983 1348 4046 sententiis
1422 4005 1552 4046 esse
1623 3983 2082 4066 hypotheticam
2150 3982 2465 4065 quandam
2524 3984 2672 4057 vim,
2746 4007 2871 4068 qua
2940 3989 3033 4052 ita

465 4085 739 4148 mollitur
761 4085 1076 4150 indicativi
1102 4084 1376 4160 durities,
1426 4090 1495 4147 ut
1539 4086 1816 4148 omnium
1846 4086 2365 4168 simplicissimam
2388 4107 2517 4148 esse
2562 4085 2725 4150 hanc
2768 4087 3031 4154 formam

470 4189 924 4252 ccmcedendum
969 4190 1066 4252 sit.
1112 4227 1196 4235 -—
1238 4188 1482 4252 Pariter
1537 4189 1939 4253 historiarum
1992 4190 2209 4252 locum.
2283 4187 2393 4262 III,
2440 4190 2548 4254 81:
2614 4209 2724 4252 nec
2776 4190 3034 4256 ‹leerant

471 4290 576 4372 qui
626 4292 1037 4372 propellerent
1089 4291 1664 4374 proculcarentque,
1735 4292 1797 4354 ni
1866 4291 2187 4355 admonitu
2252 4291 2685 4354 modestissimi
2737 4293 3033 4376 cujusque

471 4397 533 4454 et
585 4392 721 4455 aliis
794 4394 1224 4457 minitantibus
1309 4393 1614 4456 omisisset
1702 4395 2196 4476 intempestivam
2248 4393 2642 4476 sapientiam,
2726 4433 2811 4440 —
2902 4415 3033 4461 esse

470 4493 892 4578 accipiendum
957 4519 1034 4560 ex
1080 4503 1428 4579 temporum
1493 4496 1559 4558 in
1625 4497 1861 4579 protasi
1930 4502 1994 4560 et
2046 4495 2299 4579 apodosi
2352 4495 2774 4561 adhibitorum
2817 4499 3033 4566 discri-
