3600 5392
1832 389 1880 454 4

740 575 880 653 Qua
948 577 1012 640 in
1056 597 1128 640 re
1168 597 1329 659 quae
1388 578 1469 640 sit
1517 578 1648 661 ejus
1701 577 2081 642 consuetudo
2153 577 2394 642 facilius
2446 578 2901 661 perspiciemus,
2970 577 3023 640 si
3064 597 3140 640 ea

566 678 894 742 enuntiata
937 699 1098 760 quae
1140 678 1490 759 generalem
1534 684 1597 743 et
1649 699 1724 743 ea
1775 699 1936 762 quae
2003 680 2376 761 singularem
2420 679 2695 744 efficiunt
2748 679 3136 757 sententiam,

568 801 846 846 seorsum
891 780 1381 844 tractaverimus.
1483 780 1572 844 Ac
1613 781 1882 864 primum
1938 781 2015 844 de
2067 782 2369 864 generalis
2424 782 2691 846 notionis
2743 781 3132 845 condiciona-

567 883 729 948 libus
773 882 1112 948 enuntiatis
1157 882 1446 958 (1100111118,
1491 882 1555 946 111
1597 905 1723 966 qua
1766 882 2184 967 disputatione
2235 905 2451 949 rursus
2502 889 2650 948 sunt
2700 880 3137 965 distinguenda

566 1005 859 1069 praesens
901 989 966 1048 et
1007 984 1417 1067 praeteritum
1460 990 1720 1068 tempus,

738 1087 1091 1152 Praesentis
1134 1087 1198 1149 in
1243 1085 1528 1150 omnibus
1583 1087 1829 1170 scriptis
1880 1109 2077 1171 paene
2129 1087 2357 1170 ubique
2410 1087 2867 1171 conjunctivum
2928 1087 3137 1169 posuit

567 1188 855 1254 Tacitus:
933 1188 1335 1253 indicativum
1410 1187 1564 1252 haec
1640 1188 1770 1253 sola
1844 1189 2137 1254 exhibent
2197 1190 2508 1272 exempla:
2582 1188 2635 1250 A
2690 1191 2777 1254 30
2828 1187 3135 1271 Raptores

566 1289 732 1354 orbis
776 1340 790 1352 .
838 1339 850 1351 .
899 1339 922 1370 .‚
959 1339 971 1352 .
1033 1291 1169 1374 jam
1225 1296 1288 1353 et
1345 1311 1518 1355 mare
1574 1296 1952 1366 scrutantur,
2025 1292 2075 1355 si
2131 1291 2401 1374 locuples
2452 1291 2648 1355 hostis
2687 1295 2782 1354 est
2824 1291 3023 1365 avari,
3082 1292 3134 1355 si

564 1413 818 1474 pauper,
864 1392 1175 1457 ambitiosi
1219 1391 1276 1455 G
1321 1394 1407 1457 20
1439 1391 1504 1456 Si
1532 1391 1708 1456 liberi
1753 1413 1877 1484 non
1920 1397 2084 1470 sunt,
2128 1395 2445 1476 proximus
2498 1393 2731 1474 gradus
2784 1392 2848 1454 in
2892 1412 3132 1473 posses-

567 1493 736 1558 sione
777 1493 1024 1568 fratreS,
1066 1494 1294 1577 patrui,
1339 1495 1654 1569 avunculi3
1699 1535 1782 1542 —
1826 1495 2187 1578 quibusoam
2233 1497 2539 1560 conferas:
2585 1519 2639 1560 a.
2688 1495 2795 1570 IV,
2855 1497 2929 1558 17
2980 1541 2994 1556 .
3029 1543 3041 1556 .
3077 1542 3129 1559 ..

566 1593 941 1670 adulatione,
985 1616 1144 1677 quae
1175 1595 1448 1661 moribus
1469 1598 1776 1680 corruptis
1819 1597 2073 1680 perinde
2116 1619 2357 1680 ancepS‚
2404 1599 2455 1662 si
2489 1597 2660 1661 nulla
2703 1602 2766 1660 et
2807 1595 2913 1660 ubi
2942 1596 3134 1660 nimia

565 1701 677 1771 est,
722 1734 807 1744 —
850 1696 914 1760 in
958 1696 1182 1778 quibus
1225 1696 1508 1762 omnibus
1551 1699 1807 1785 verbum
1851 1699 2258 1766 substantiale
2286 1701 2626 1785 praedicati
2669 1702 2829 1766 vices
2876 1698 3128 1764 obtinet.

566 1795 771 1862 Ceteri
814 1819 1026 1863 omnes
1069 1798 1185 1862 loci
1227 1800 1528 1881 praebent
1570 1803 1915 1884 praesentis
1935 1804 2413 1887 conjunctivum:
2460 1803 2516 1866 D
2545 1807 2603 1879 9,
2655 1805 2751 1878 12,
2802 1807 2897 1878 16,
2944 1802 2997 1866 Α
3028 1804 3129 1877 24,

567 1897 624 1962 G
671 1901 728 1974 7,
779 1901 877 1974 10,
926 1901 1024 1976 13,
1073 1902 1171 1977 14,
1221 1905 1318 1975 17,
1364 1904 1465 1976 40,
1511 1903 1596 1967 45
1640 1903 1699 1966 h.
1745 1903 1794 1979 Ι,
1844 1906 1939 1980 16,
1970 1906 2070 1989 ,83
2115 1905 2210 1969 bis
2253 1905 2363 1981 ΙΠ,
2412 1907 2511 1980 86,
2566 1905 2672 1979 IV,
2717 1907 2819 1980 64,
2866 1905 2940 1979 V,
2988 1906 3027 1968 6
3072 1925 3127 1968 a.

565 1998 677 2076 ΠΙ,
721 1999 806 2066 54
847 1999 942 2064 1118
985 2001 1093 2078 XI,
1141 2004 1224 2068 24
1268 2002 1433 2079 XIV,
1483 2006 1579 2069 14.
1626 2004 1851 2088 quibus
1882 2005 2120 2070 accedit
2160 2006 2435 2090 ejusdem
2478 2008 2717 2089 generis
2763 2005 3131 2070 sententiola

566 2101 852 2186 obliquae
894 2106 1160 2170 orationi
1214 2105 1582 2189 interposita
1623 2129 1679 2172 a.
1725 2107 1891 2172 XIV.
1940 2111 2053 2174 20:
2100 2109 2148 2172 si
2194 2108 2533 2173 vetustiora
2575 2114 2839 2190 repetas

737 2204 1182 2270 Annotandum
1225 2213 1320 2271 est
1362 2207 1427 2271 in
1471 2209 1812 2274 minoribus
1835 2211 2081 2294 scriptis
2100 2211 2444 2293 promiscue
2478 2210 2741 2275 alteram
2770 2215 2834 2274 et
2877 2209 3130 2273 tertiam

563 2328 892 2392 personam
935 2309 1165 2374 talibus
1209 2310 1274 2374 in
1317 2311 1654 2378 enuntiatis
1697 2332 1830 2376 esse
1858 2311 2227 2387 adhibitam,
2281 2313 2346 2375 in
2390 2311 2726 2396 majoribus
2768 2310 3130 2394 plerumque

563 2411 858 2488 alteram,
910 2413 1114 2500 rarius
1168 2413 1444 2489 tertiam,
1501 2414 1675 2498 cujus
1737 2414 1804 2477 in
1859 2412 2189 2480 annalibus
2245 2436 2438 2478 unum
2497 2418 2703 2477 exstat
2752 2411 3127 2496 exemplum:

568 2513 734 2592 XIV,
785 2515 884 2582 14.

733 2616 928 2681 Porro
971 2619 1212 2684 collatis
1262 2618 1544 2683 omnibus
1597 2598 1891 2702 exemplis
1934 2617 1997 2683 id
2045 2616 2118 2682 fit
2172 2619 2589 2702 perspicuum,
2642 2637 2789 2680 raro
2845 2634 2959 2678 nec
3010 2612 3129 2676 nisi

562 2719 628 2782 in
674 2719 806 2803 ejus
847 2721 1107 2802 generis,
1151 2721 1315 2804 quod
1360 2722 1424 2785 in
1467 2721 1742 2786 historiis
1784 2728 1849 2787 et
1891 2722 2221 2786 annalibus
2264 2720 2645 2803 frequentius
2687 2722 2809 2791 est,
2864 2714 3013 2780 locis
3062 2714 3126 2776 111

564 2821 820 2904 apodosi
862 2829 1232 2906 usurpatum
1277 2845 1408 2887 esse
1451 2825 1933 2909 conjunctivum:
1979 2825 2035 2888 D
2084 2827 2163 2889 16
2207 2845 2247 2888 a
2289 2823 2399 2897 ΙΙΙ,
2444 2824 2545 2888 54.

735 2921 1066 2990 Praeteriti
1110 2926 1497 3010 conjunctivo
1541 2947 1850 3010 nusquam
1900 2929 1965 2992 in
2015 2926 2405 3010 generalibus
2464 2923 2784 2989 sententiis
2839 2940 2989 2984 usus
3032 2924 3129 2983 est

563 3023 830 3092 Tacitus.
919 3029 1239 3094 Invenitur
1262 3030 1426 3094 enim
1455 3031 1709 3113 perfecti
1753 3031 2124 3096 indicativus
2168 3031 2231 3094 in
2276 3029 2373 3092 his
2416 3027 2589 3091 locis:
2636 3025 2709 3090 G.
2750 3027 2844 3098 10,
2890 3024 2964 3086 11
3012 3019 3125 3093 bis,

569 3127 665 3202 16,
712 3129 794 3193 39
843 3131 918 3213 (si
961 3130 1148 3215 forte)
1193 3154 1248 3196 a.
1295 3132 1384 3196 IV
1428 3134 1529 3208 33,
1575 3135 1658 3198 38
1706 3133 1795 3212 (in
1838 3133 2043 3216 priore
2074 3132 2395 3197 annalium
2422 3131 2556 3195 loco
2586 3127 2859 3211 quidam,
2904 3119 3124 3187 evenit'

561 3231 904 3311 praesentis
947 3232 1348 3298 indicativum
1392 3255 1523 3298 esse
1566 3240 1811 3318 putant,
1855 3255 2016 3316 quae
2058 3233 2263 3316 opinio
2307 3231 2500 3297 refelli
2542 3229 2693 3293 mihi
2745 3226 2990 3290 videtur
3032 3223 3124 3297 118,

561 3351 722 3414 quae
767 3353 957 3417 supra
999 3335 1502 3419 observavimus),
1555 3337 1835 3401 futurum
1881 3336 2217 3400 secundum
2273 3336 2335 3398 in
2381 3334 2501 3398 his:
2556 3332 2611 3396 G
2658 3333 2740 3398 23
2785 3354 2825 3396 a
2867 3328 2977 3402 III,
3021 3325 3125 3398 54.
3174 3417 3197 3424 q

562 3435 1013 3514 Animadverti,
1067 3439 1172 3502 ubi
1218 3440 1406 3504 tertia
1448 3445 1544 3504 est
1584 3459 1874 3522 persona,
1928 3438 2285 3521 perfectum,
2343 3437 2448 3502 ubi
2494 3436 2790 3511 secunda,
2845 3436 3123 3500 futurum

561 3545 849 3604 exactum
892 3563 1023 3607 esse
1065 3547 1451 3625 usurpatum.

733 3641 938 3708 Causa
981 3627 1176 3709 facilis
1236 3648 1331 3707 est
1381 3644 1722 3708 intellectu:
1795 3644 1935 3708 Non
2002 3643 2272 3726 pertinet
2325 3643 2630 3725 generalis
2690 3639 2999 3706 sententia
3042 3635 3123 3701 ad

559 3749 800 3809 certum
860 3745 1111 3829 aliquod
1168 3753 1438 3829 tempus3
1507 3747 1777 3828 perfecto
1822 3746 1885 3810 id
1932 3745 2131 3811 solum
2193 3743 2576 3827 significatur
2590 3793 2605 3820 ,
2678 3744 2947 3826 priorem
2992 3759 3125 3803 esse

558 3847 838 3928 protasin
882 3870 1071 3930 quam
1115 3848 1428 3932 apodosin.
1517 3846 1752 3914 Contra
1808 3847 2010 3913 altera
2067 3869 2332 3931 persona
2385 3845 2596 3935 efficit,
2659 3849 2732 3908 ut
2774 3840 3124 3925 generalem

561 3947 824 4014 formam
869 3956 1060 4014 exuat
1102 3950 1528 4027 enunciatum3
1574 3972 1697 4032 quo
1740 3949 1830 4026 fit,
1875 3955 1948 4014 ut
1990 3949 2270 4015 adhiberi
2304 3951 2499 4032 possit
2540 3947 2819 4011 futurum
2863 3952 3125 4027 tempus.

730 4048 997 4114 Consilio
1069 4071 1264 4114 unum
1335 4051 1512 4115 omisi
1573 4052 1847 4115 incertae
1902 4051 2246 4134 scripturae
2299 4051 2674 4134 exemplumz
2750 4047 2805 4111 G
2851 4049 2960 4121 21,
3015 4045 3123 4109 ubi

558 4153 761 4236 prima
817 4173 1008 4217 manu
1079 4153 1378 4237 scriptum
1431 4159 1600 4219 erat:
1673 4153 1945 4230 abeunti,
2011 4155 2061 4217 si
2129 4153 2277 4236 quid
2339 4152 2686 4236 poposceris
2702 4199 2717 4225 ‚
2790 4147 3120 4214 concedere

561 4255 777 4332 moris;
831 4277 872 4320 a
915 4256 1185 4321 secunda
1228 4278 1418 4322 manu
1467 4257 1815 4341 poposceris
1868 4265 1961 4322 est
2013 4258 2077 4321 in
2132 4256 2480 4341 poposcerit
2531 4259 2864 4318 mutatum.
2962 4249 3121 4313 Sane

558 4358 814 4423 alterius
856 4379 1157 4441 personae
1200 4365 1295 4423 est
1339 4361 1645 4443 quaedam
1687 4361 1971 4437 durities3
2017 4360 2125 4426 sed
2154 4381 2387 4444 quaero
2426 4381 2577 4428 num
2606 4358 2800 4440 possit
2843 4355 3125 4428 tolerari:

557 4462 921 4544 poposcerit,
966 4461 1132 4544 quod
1176 4462 1226 4526 si
1270 4483 1382 4544 pro
1426 4463 1680 4546 perfecti
1710 4464 2098 4548 conjunctivo
2143 4469 2259 4528 est.
2281 4460 2635 4526 habendum
2680 4459 2833 4524 nihil
2870 4457 2975 4522 est'
3000 4478 3124 4520 non

559 4562 742 4627 modo
785 4564 850 4627 in
893 4562 1229 4630 Germania
1273 4564 1380 4629 sed
1424 4566 1488 4629 in
1532 4563 1816 4631 omnibus
1838 4563 2037 4630 Taciti
2068 4564 2331 4648 scriptis,
2376 4563 2543 4646 quod
2585 4583 2728 4626 cum
2771 4562 2888 4628 hoc
2928 4558 3126 4644 possit
