3600 5392
1853 427 1932 492 14

603 637 644 680 a
685 615 902 682 ceteris
947 614 1231 678 omnibus
1275 635 1346 678 eo
1383 614 1612 691 differt,
1661 615 1827 698 quod
1870 615 1933 679 in
1989 616 2132 680 solis
2174 616 2483 698 reperitur
2526 614 2853 680 annalibus
2898 619 2962 680 et
3004 615 3169 698 quod

603 718 666 779 in
709 716 992 780 omnibus
1036 717 1166 800 ejus
1222 717 1514 800 exemplis
1577 717 1847 800 priorem
1902 719 2103 782 locum
2158 717 2395 782 obtinet
2455 717 2755 800 apodosiS.
2868 718 3169 782 Undecim

602 825 748 884 sunt
791 819 932 884 locit
978 819 1024 895 Ι,
1073 819 1155 884 35
1197 820 1430 884 ferrum
1475 841 1514 883 a
1559 821 1752 883 latere
1795 821 2064 904 deripuit
2087 821 2440 902 elatumque
2470 821 2785 884 deferebat
2829 821 2894 884 in
2937 826 3168 903 pectUS,

603 922 666 985 ni
709 922 972 1006 proximi
1014 943 1303 1004 prensam
1349 920 1668 986 dexteram
1712 924 1770 986 vi
1816 925 2232 988 attinuissent.
2309 924 2355 1001 Ι,
2403 925 2483 990 63
2528 924 3063 1006 trudebanturque
3107 926 3169 988 in

602 1024 892 1106 paludem
953 1045 1216 1105 gnaram
1283 1023 1666 1088 vincentibus
1730 1025 2009 1107 iniquam
2080 1027 2325 1102 nesciis,
2408 1027 2472 1090 ni
2536 1025 2764 1090 Caesar
2836 1026 3169 1109 productas

601 1126 868 1210 legiones
911 1127 1306 1190 instruxisset
1349 1126 1396 1201 Ι,
1444 1128 1522 1192 65
1570 1126 1835 1192 Caecina
1881 1178 1893 1190 .
1942 1178 1955 1190 .
2004 1179 2015 1190 .
2064 1128 2319 1194 suffosso
2378 1152 2533 1212 equo
2578 1129 2864 1212 delapsus
2908 1130 3168 1194 circum-

602 1223 980 1304 veniebatur,
1047 1230 1112 1292 ni
1162 1231 1366 1312 prima
1420 1223 1575 1311 legio
1633 1238 1764 1294 sese
1809 1232 2192 1314 opposuisset
2257 1231 2365 1307 ΙΙΙ,
2418 1233 2496 1296 14
2540 1231 2889 1314 effigiesque
2931 1231 3169 1295 Pisonis

608 1335 933 1395 traxerant
973 1332 1041 1394 in
1085 1331 1415 1396 Gemonias
1460 1354 1532 1396 ac
1577 1331 1967 1408 divellebant,
2012 1333 2078 1394 ni
2112 1333 2291 1416 jussu
2311 1333 2604 1416 principis
2636 1339 2949 1416 protectae
2992 1355 3169 1416 repo-

600 1434 876 1516 sitaeque
919 1434 1136 1499 forent.
1207 1434 1316 1511 III,
1363 1437 1444 1502 28
1511 1442 1574 1499 et
1639 1442 1840 1499 terror
1904 1431 2195 1498 'omnibus
2257 1434 2703 1510 intentabatur,
2768 1435 2833 1498 ni
2889 1433 3168 1498 Tiberius

599 1536 928 1600 statuendo
971 1537 1240 1602 remedio
1271 1586 1284 1600 .
1319 1587 1330 1600 .
1361 1588 1416 1601 ..
1493 1543 1656 1601 sorte
1699 1537 1977 1600 duxisset
2038 1528 2150 1600 cet.
2223 1536 2327 1613 IV,
2374 1540 2457 1602 30
2521 1536 2851 1620 ibaturque
2915 1538 2980 1600 in
3032 1559 3169 1600 eam

601 1641 998 1716 sententiam,
1055 1641 1119 1704 ni
1165 1690 1177 1703 .
1227 1690 1238 1703 .
1291 1690 1304 1705 .
1353 1690 1366 1703 .
1433 1640 1641 1723 palam
1705 1662 1817 1721 pro
1886 1639 2349 1703 accusatoribus
2404 1638 2634 1704 Caesar
2701 1640 2921 1704 inritas
2988 1625 3177 1722 legeS‚¹

598 1762 730 1804 rem
771 1741 1080 1824 publicam
1125 1743 1190 1806 in
1233 1743 1559 1826 praecipiti
1602 1748 1973 1824 conquestus
2030 1747 2205 1806 esset.
2294 1741 2412 1818 XI,
2469 1744 2554 1808 34
2604 1763 2717 1806 nec
2768 1743 2964 1805 multo
3030 1747 3171 1824 post

597 1843 816 1908 urbem
859 1844 1227 1926 ingredienti
1271 1844 1687 1910 offerebantur
1732 1865 2085 1908 communes
2129 1844 2323 1921 liberi,
2368 1847 2485 1908 nisi
2529 1844 2857 1908 Narcissus
2901 1843 3170 1907 amoveri

603 1967 706 2008 eos
741 1945 1043 2028 jussisset.
1133 1943 1306 2023 XIII,
1353 1949 1392 2010 2
1450 1946 1781 2029 ibaturque
1848 1947 1914 2009 in
1985 1946 2230 2023 caedeS,
2304 1947 2424 2010 nisi
2491 1946 2785 2010 Afranius
2826 1947 3063 2010 Burrus
3108 1951 3171 2009 et

600 2047 894 2111 Annaeus
939 2046 1171 2112 Seneca
1215 2046 1460 2111 obviam
1502 2049 1712 2112 issent.
1804 2048 1969 2125 XVI,
2016 2053 2097 2114 32
2130 2049 2313 2114 simul
2356 2051 2419 2114 in
2451 2048 2769 2132 amplexus
2793 2049 3169 2112 occurrentis
3226 2068 3233 2076 ·

597 2149 760 2212 filiae
813 2149 1058 2225 ruebat,
1133 2149 1253 2214 nisi
1303 2149 1609 2233 interjecti
1675 2151 1919 2215 lictores
1974 2154 2253 2235 utrisque
2307 2153 2716 2226 obstitissent,
2772 2191 2857 2198 ——
2907 2152 3169 2233 denique

597 2251 737 2327 duc,
782 2252 845 2316 in
891 2251 1114 2334 quibus
1158 2273 1287 2328 nec,
1333 2274 1410 2316 ne
1453 2292 1537 2299 —
1582 2247 1835 2337 quidem
1874 2256 2217 2338 particulae
2266 2277 2405 2319 cum
2450 2253 2635 2318 verbo
2666 2275 2857 2317 unam
2885 2253 3169 2332 ‚efficiunt

597 2357 940 2419 notionem:
984 2355 1063 2431 ΙΙ,
1114 2357 1194 2419 10
1237 2355 1564 2438 quominus
1587 2379 1861 2440 pugnam
1887 2364 2277 2421 consererent
2306 2379 2384 2422 ne
2404 2357 2655 2420 flumine
2686 2353 2933 2439 quidem
2976 2357 3168 2419 inter-

587 2460 754 2542 jecto
800 2457 1275 2534 cohibebantur,
1347 2459 1412 2522 ni
1469 2458 1802 2524 Stertinius
1847 2481 2175 2524 accurrens
2240 2461 2492 2544 plenum
2545 2461 2676 2524 irae
2722 2509 2733 2522 .
2783 2509 2795 2520 .
2844 2508 2856 2520 .
2909 2457 3167 2522 Flavum

543 2547 547 2551 ¹
595 2561 965 2624 attinuisset.
1027 2559 1167 2636 ΧΠ,
1214 2563 1296 2638 39
1364 2583 1475 2624 nec
1547 2561 1682 2626 ideo
1756 2563 1969 2645 fugam
2043 2563 2328 2640 sistebat,
2402 2564 2469 2626 ni
2534 2563 2801 2644 legiones
2865 2561 3194 2644 proelium'

597 2665 992 2747 excepissent.
1085 2664 1228 2728 Sine
1272 2665 1458 2728 dubio
1503 2665 1826 2730 addendae
1872 2671 2019 2730 sunt
2060 2666 2220 2732 duae
2265 2666 2421 2730 tales
2467 2666 2810 2730 sententiae
2854 2686 2929 2728 ex
2971 2664 3170 2747 parti-

596 2767 736 2831 cula
782 2769 1172 2832 consecutiva
1213 2788 1575 2852 suspensae:
1624 2768 1757 2844 XV,
1793 2769 1895 2833 55.
1944 2768 2195 2832 Incusat
2214 2767 2379 2830 ultro
2398 2766 2817 2830 intestabilem
2837 2771 2901 2830 et
2920 2788 3167 2830 consce-

592 2870 885 2944 leratum,
944 2875 1128 2934 tanta
1191 2872 1353 2934 vocis
1418 2893 1491 2934 ac
1543 2871 1751 2934 vultus
1808 2871 2167 2945 securitate,
2232 2874 2305 2933 ut
2368 2869 2610 2933 labaret
2660 2869 2984 2945 indicium,
3052 2869 3168 2932 nisi

598 2972 918 3036 Milichum
962 2994 1118 3036 uxor
1161 2972 1582 3037 admonuisset
1627 2979 1738 3037 cet.
1829 2972 1995 3049 XVI,
2047 2976 2140 3036 14.
2188 2972 2360 3036 Inter
2404 2972 2731 3036 damnatos
2776 2993 2963 3053 quam
3006 2971 3170 3034 inter

595 3094 734 3136 reos
778 3072 1038 3157 Antejus
1083 3073 1486 3158 Ostoriusque
1531 3075 1941 3150 habebantur,
1986 3074 2140 3138 adeo
2184 3079 2257 3138 ut
2288 3079 2729 3137 testamentum
2758 3072 2944 3137 Antei
2988 3096 3167 3138 nemo

599 3175 980 3258 obsignaret,
1053 3178 1118 3240 ni
1165 3176 1502 3258 Tigellinus
1577 3183 1795 3240 auctor
1840 3177 2193 3240 exstitisset.
2240 3215 2323 3222 —-
2380 3176 2454 3240 In
2524 3176 2619 3240 his
2687 3175 2969 3240 omnibus
3022 3177 3170 3240 locis

598 3277 879 3342 movendi
925 3277 1112 3342 verba
1155 3283 1300 3342 sunt
1344 3278 1704 3360 praedicata
1747 3283 1819 3342 ut
1848 3301 2025 3360 quae,
2069 3301 2211 3342 cum
2230 3280 2413 3363 plura
2454 3281 2812 3344 contineant
2840 3284 3169 3354 momenta,

600 3381 682 3445 ad
728 3380 1194 3464 exprimendum
1237 3383 1472 3446 factum
1539 3381 1784 3444 initium
1819 3382 2095 3444 *maxime
2150 3382 2274 3445 sint
2316 3381 2555 3445 idonea.
2645 3380 2935 3445 Ceterum
2992 3382 3043 3444 si
3086 3381 3169 3444 ad

595 3484 762 3548 hunc
807 3483 1226 3566 exemplorum
1269 3506 1596 3548 numerum
1639 3485 2016 3566 respicimuS,
2060 3485 2132 3549 fit
2163 3484 2577 3559 manifestum,
2624 3505 2734 3546 cur
2779 3483 3169 3548 condiciona-

599 3587 752 3650 lium
799 3591 1266 3656 enuntiatorum
1310 3586 1715 3650 usitatissima
1757 3586 1956 3650 forma
1998 3587 2200 3650 rarior
2243 3587 2325 3649 sit
2366 3587 2431 3650 in
2476 3585 2819 3652 annalibus.

774 3689 893 3753 Sed
936 3709 1266 3770 pergamus
1311 3689 1393 3754 ad
1437 3691 1567 3773 ejus
1592 3687 1829 3772 figurae
1851 3689 2378 3772 significationem.
2469 3689 2793 3771 Zumptius
2836 3690 3168 3766 contendit,

594 3792 659 3856 in
701 3792 1010 3875 plerisque
1083 3792 1229 3855 locis
1296 3793 1361 3854 in
1420 3791 1792 3875 conjunctivi
1852 3792 2438 3874 plusquamperfecti
2510 3793 2712 3856 locum
2766 3792 3171 3857 substitutum

599 3917 729 3958 esse
771 3894 1112 3976 imperfecti
1156 3894 1576 3970 indicativum,
1624 3895 1743 3957 nisi
1786 3893 1953 3976 quod
1996 3915 2105 3976 per
2150 3894 2558 3958 mobilitatem
2588 3893 2903 3976 quandam
2945 3895 3173 3978 ingenii

595 4021 708 4082 pro
761 3998 918 4061 veris
974 4001 1316 4079 ponantur,
1391 4017 1550 4077 quae
1610 4001 1861 4059 tantum
1914 3995 2037 4059 sint
2092 3997 2391 4077 cogitata,
2465 3996 2650 4078 idque
2707 4017 2831 4059 uno
2895 3997 3171 4080 exemplo

601 4101 734 4186 (ΙΙΙ,
784 4101 892 4184 14)
939 4099 1364 4162 demonstrare
1413 4097 1639 4163 studet.
1728 4099 1813 4163 Et
1857 4121 2005 4162 sanc
2048 4098 2111 4162 id
2164 4119 2345 4162 nemo
2388 4104 2604 4180 negat,
2649 4099 2942 4180 implicite
2986 4101 3173 4164 etiam

600 4205 764 4269 hanc
800 4203 923 4265 vim
968 4200 1249 4264 omnibus
1295 4201 1492 4266 inesse
1535 4200 1855 4282 exempIiS,
1914 4207 1982 4264 at
2026 4199 2482 4264 concedendum
2512 4206 2649 4263 erat
2677 4200 2981 4283 Zumptio,
3034 4202 3171 4286 plus

591 4313 807 4383 inesse,
854 4303 1021 4388 quod
1064 4303 1130 4364 in
1173 4323 1542 4384 unoquoque
1586 4303 1864 4386 exemplo
1908 4303 2062 4368 adeo
2108 4309 2202 4366 est
2244 4303 2653 4386 perspicuum,
2699 4308 2771 4366 ut
2815 4304 3173 4386 singillatim

597 4411 1031 4474 demonstrare
1071 4426 1194 4469 non
1239 4426 1392 4488 opus
1437 4406 1534 4470 sit.
1579 4445 1664 4452 —
1753 4407 1819 4471 Si
1863 4406 2125 4488 denique
2170 4410 2264 4468 est
2335 4404 2452 4468 hoc
2509 4424 2702 4486 genus
2746 4403 2827 4468 ab
2872 4426 2961 4480 eo,
3007 4405 3171 4487 quod

600 4514 666 4578 in
723 4509 978 4596 apodosi
1065 4506 1255 4574 habet
1319 4509 1792 4593 conjunctivum,
1866 4508 2133 4573 breviter
2206 4505 2725 4588 distinguendum,
2796 4509 2888 4573 ita
2945 4509 3176 4574 dicam:
