<?xml version="1.0" encoding="UTF-8"?>
<!DOCTYPE html PUBLIC "-//W3C//DTD XHTML 1.0 Transitional//EN"
    "http://www.w3.org/TR/xhtml1/DTD/xhtml1-transitional.dtd">
<html xmlns="http://www.w3.org/1999/xhtml" xml:lang="en" lang="en">
 <head>
  <title>
</title>
<meta http-equiv="Content-Type" content="text/html;charset=utf-8" />
  <meta name='ocr-system' content='tesseract 3.04.00' />
  <meta name='ocr-capabilities' content='ocr_page ocr_carea ocr_par ocr_line ocrx_word'/>
</head>
<body>
  <div class='ocr_page' id='page_1' title='image "./decondicionaliu00morggoog_0019.png"; bbox 0 0 3600 5392; ppageno 0'>
   <div class='ocr_carea' id='block_1_1' title="bbox 1667 449 1745 526">
    <p class='ocr_par' dir='ltr' id='par_1_1' title="bbox 1667 449 1745 526">
     <span class='ocr_line' id='line_1_1' title="bbox 1667 449 1745 526; baseline 0 0"><span class='ocrx_word' id='word_1_1' title='bbox 1667 449 1745 526; x_wconf 83' lang='lat'>15</span> 
     </span>
    </p>
   </div>
   <div class='ocr_carea' id='block_1_2' title="bbox 424 647 2989 835">
    <p class='ocr_par' dir='ltr' id='par_1_2' title="bbox 424 647 2989 835">
     <span class='ocr_line' id='line_1_2' title="bbox 425 647 2989 735; baseline 0 -22"><span class='ocrx_word' id='word_1_2' title='bbox 425 649 793 714; x_wconf 78' lang='lat' dir='ltr'>indicativus</span> <span class='ocrx_word' id='word_1_3' title='bbox 860 655 954 714; x_wconf 92' lang='lat' dir='ltr'>est</span> <span class='ocrx_word' id='word_1_4' title='bbox 1023 651 1089 713; x_wconf 92' lang='lat' dir='ltr'>in</span> <span class='ocrx_word' id='word_1_5' title='bbox 1132 647 1446 714; x_wconf 89' lang='lat' dir='ltr'>narrando</span> <span class='ocrx_word' id='word_1_6' title='bbox 1499 647 1899 712; x_wconf 71' lang='lat' dir='ltr'>describentis</span> <span class='ocrx_word' id='word_1_7' title='bbox 1972 654 2035 712; x_wconf 92' lang='lat' dir='ltr'>et</span> <span class='ocrx_word' id='word_1_8' title='bbox 2092 649 2502 732; x_wconf 80' lang='lat' dir='ltr'>depingentiS,</span> <span class='ocrx_word' id='word_1_9' title='bbox 2569 651 2989 735; x_wconf 73' lang='lat' dir='ltr'>conjunctivus</span> 
     </span>
     <span class='ocr_line' id='line_1_3' title="bbox 424 751 1241 835; baseline 0 -21"><span class='ocrx_word' id='word_1_10' title='bbox 424 752 744 835; x_wconf 84' lang='lat' dir='ltr'>referentis</span> <span class='ocrx_word' id='word_1_11' title='bbox 789 758 852 815; x_wconf 92' lang='lat' dir='ltr'>et</span> <span class='ocrx_word' id='word_1_12' title='bbox 885 751 1241 834; x_wconf 76' lang='lat' dir='ltr'>judicantis,</span> 
     </span>
    </p>
   </div>
   <div class='ocr_carea' id='block_1_3' title="bbox 419 867 2994 1263">
    <p class='ocr_par' dir='ltr' id='par_1_3' title="bbox 419 867 2994 1263">
     <span class='ocr_line' id='line_1_4' title="bbox 590 867 2987 956; baseline 0 -19"><span class='ocrx_word' id='word_1_13' title='bbox 590 873 888 937; x_wconf 89' lang='lat' dir='ltr'>Omnibus</span> <span class='ocrx_word' id='word_1_14' title='bbox 933 877 1160 946; x_wconf 90' lang='lat' dir='ltr'>autem,</span> <span class='ocrx_word' id='word_1_15' title='bbox 1206 891 1366 952; x_wconf 89' lang='lat' dir='ltr'>quae</span> <span class='ocrx_word' id='word_1_16' title='bbox 1395 869 1813 943; x_wconf 76' lang='lat' dir='ltr'>‹lisseruimUS‚</span> <span class='ocrx_word' id='word_1_17' title='bbox 1858 867 2011 932; x_wconf 88' lang='lat' dir='ltr'>adeo</span> <span class='ocrx_word' id='word_1_18' title='bbox 2038 869 2101 932; x_wconf 91' lang='lat' dir='ltr'>id</span> <span class='ocrx_word' id='word_1_19' title='bbox 2130 869 2548 945; x_wconf 88' lang='lat' dir='ltr'>confirmatur,</span> <span class='ocrx_word' id='word_1_20' title='bbox 2596 871 2760 954; x_wconf 89' lang='lat' dir='ltr'>quod</span> <span class='ocrx_word' id='word_1_21' title='bbox 2798 895 2987 956; x_wconf 88' lang='lat' dir='ltr'>supra</span> 
     </span>
     <span class='ocr_line' id='line_1_5' title="bbox 421 970 2991 1058; baseline 0 -19"><span class='ocrx_word' id='word_1_22' title='bbox 421 975 725 1050; x_wconf 86' lang='lat' dir='ltr'>contendi,</span> <span class='ocrx_word' id='word_1_23' title='bbox 770 973 850 1038; x_wconf 90' lang='lat' dir='ltr'>ab</span> <span class='ocrx_word' id='word_1_24' title='bbox 893 972 1321 1037; x_wconf 75' lang='lat' dir='ltr'>usitatioribus</span> <span class='ocrx_word' id='word_1_25' title='bbox 1367 971 1580 1035; x_wconf 84' lang='lat' dir='ltr'>formis</span> <span class='ocrx_word' id='word_1_26' title='bbox 1625 970 1706 1034; x_wconf 89' lang='lat' dir='ltr'>ad</span> <span class='ocrx_word' id='word_1_27' title='bbox 1749 971 1953 1033; x_wconf 88' lang='lat' dir='ltr'>minus</span> <span class='ocrx_word' id='word_1_28' title='bbox 1997 971 2263 1034; x_wconf 88' lang='lat' dir='ltr'>usitatas</span> <span class='ocrx_word' id='word_1_29' title='bbox 2306 991 2417 1054; x_wconf 89' lang='lat' dir='ltr'>per</span> <span class='ocrx_word' id='word_1_30' title='bbox 2474 973 2714 1056; x_wconf 84' lang='lat' dir='ltr'>singula</span> <span class='ocrx_word' id='word_1_31' title='bbox 2759 977 2991 1058; x_wconf 87' lang='lat' dir='ltr'>scripta</span> 
     </span>
     <span class='ocr_line' id='line_1_6' title="bbox 419 1072 2994 1161; baseline 0 -19"><span class='ocrx_word' id='word_1_32' title='bbox 419 1099 811 1161; x_wconf 86' lang='lat' dir='ltr'>progressum</span> <span class='ocrx_word' id='word_1_33' title='bbox 853 1095 984 1138; x_wconf 91' lang='lat' dir='ltr'>esse</span> <span class='ocrx_word' id='word_1_34' title='bbox 1029 1074 1340 1151; x_wconf 86' lang='lat' dir='ltr'>Tacitum,</span> <span class='ocrx_word' id='word_1_35' title='bbox 1407 1079 1478 1137; x_wconf 92' lang='lat' dir='ltr'>ut</span> <span class='ocrx_word' id='word_1_36' title='bbox 1529 1093 1744 1136; x_wconf 90' lang='lat' dir='ltr'>rursus</span> <span class='ocrx_word' id='word_1_37' title='bbox 1810 1072 2113 1136; x_wconf 89' lang='lat' dir='ltr'>invenisse</span> <span class='ocrx_word' id='word_1_38' title='bbox 2156 1073 2462 1152; x_wconf 89' lang='lat' dir='ltr'>videatur,</span> <span class='ocrx_word' id='word_1_39' title='bbox 2526 1079 2691 1159; x_wconf 89' lang='lat' dir='ltr'>quod</span> <span class='ocrx_word' id='word_1_40' title='bbox 2750 1079 2994 1148; x_wconf 86' lang='lat' dir='ltr'>saeculo</span> 
     </span>
     <span class='ocr_line' id='line_1_7' title="bbox 422 1177 1664 1263; baseline -0.005 -19"><span class='ocrx_word' id='word_1_41' title='bbox 422 1186 568 1244; x_wconf 91' lang='lat' dir='ltr'>ante</span> <span class='ocrx_word' id='word_1_42' title='bbox 601 1181 737 1263; x_wconf 88' lang='lat' dir='ltr'>jam</span> <span class='ocrx_word' id='word_1_43' title='bbox 779 1178 1154 1242; x_wconf 87' lang='lat' dir='ltr'>formaverat</span> <span class='ocrx_word' id='word_1_44' title='bbox 1197 1177 1408 1259; x_wconf 88' lang='lat' dir='ltr'>lingua</span> <span class='ocrx_word' id='word_1_45' title='bbox 1453 1177 1664 1240; x_wconf 89' lang='lat' dir='ltr'>latina.</span> 
     </span>
    </p>
   </div>
   <div class='ocr_carea' id='block_1_4' title="bbox 419 1313 2999 2016">
    <p class='ocr_par' dir='ltr' id='par_1_4' title="bbox 419 1313 2999 2016">
     <span class='ocr_line' id='line_1_8' title="bbox 595 1313 2994 1398; baseline 0.001 -20"><span class='ocrx_word' id='word_1_46' title='bbox 595 1313 714 1378; x_wconf 88' lang='lat' dir='ltr'>Sed</span> <span class='ocrx_word' id='word_1_47' title='bbox 783 1315 880 1378; x_wconf 89' lang='lat' dir='ltr'>his</span> <span class='ocrx_word' id='word_1_48' title='bbox 947 1315 1240 1398; x_wconf 83' lang='lat' dir='ltr'>expositis</span> <span class='ocrx_word' id='word_1_49' title='bbox 1317 1314 1392 1376; x_wconf 89' lang='lat' dir='ltr'>de</span> <span class='ocrx_word' id='word_1_50' title='bbox 1436 1319 1643 1377; x_wconf 89' lang='lat' dir='ltr'>rectae</span> <span class='ocrx_word' id='word_1_51' title='bbox 1703 1315 1998 1379; x_wconf 86' lang='lat' dir='ltr'>orationis</span> <span class='ocrx_word' id='word_1_52' title='bbox 2066 1315 2588 1381; x_wconf 85' lang='lat' dir='ltr'>condicionalibus</span> <span class='ocrx_word' id='word_1_53' title='bbox 2656 1319 2994 1382; x_wconf 80' lang='lat' dir='ltr'>enuntiatis</span> 
     </span>
     <span class='ocr_line' id='line_1_9' title="bbox 423 1417 2999 1502; baseline 0.002 -22"><span class='ocrx_word' id='word_1_54' title='bbox 423 1418 602 1481; x_wconf 88' lang='lat' dir='ltr'>finita</span> <span class='ocrx_word' id='word_1_55' title='bbox 647 1424 741 1480; x_wconf 90' lang='lat' dir='ltr'>est</span> <span class='ocrx_word' id='word_1_56' title='bbox 784 1418 1122 1502; x_wconf 89' lang='lat' dir='ltr'>disputatio</span> <span class='ocrx_word' id='word_1_57' title='bbox 1137 1442 1153 1493; x_wconf 87' lang='lat'><em>3</em></span> <span class='ocrx_word' id='word_1_58' title='bbox 1228 1417 1463 1499; x_wconf 89' lang='lat' dir='ltr'>quodsi,</span> <span class='ocrx_word' id='word_1_59' title='bbox 1537 1417 1686 1500; x_wconf 87' lang='lat' dir='ltr'>quid</span> <span class='ocrx_word' id='word_1_60' title='bbox 1747 1419 1814 1481; x_wconf 91' lang='lat' dir='ltr'>in</span> <span class='ocrx_word' id='word_1_61' title='bbox 1863 1418 2087 1482; x_wconf 89' lang='lat' dir='ltr'>horum</span> <span class='ocrx_word' id='word_1_62' title='bbox 2146 1417 2514 1483; x_wconf 77' lang='lat' dir='ltr'>formatione</span> <span class='ocrx_word' id='word_1_63' title='bbox 2556 1419 2875 1502; x_wconf 86' lang='lat' dir='ltr'>proprium</span> <span class='ocrx_word' id='word_1_64' title='bbox 2918 1422 2999 1484; x_wconf 88' lang='lat' dir='ltr'>sit</span> 
     </span>
     <span class='ocr_line' id='line_1_10' title="bbox 420 1519 2994 1604; baseline 0.001 -21"><span class='ocrx_word' id='word_1_65' title='bbox 420 1519 618 1584; x_wconf 84' lang='lat' dir='ltr'>Taciti</span> <span class='ocrx_word' id='word_1_66' title='bbox 663 1520 999 1602; x_wconf 87' lang='lat' dir='ltr'>quaeritur,</span> <span class='ocrx_word' id='word_1_67' title='bbox 1043 1519 1108 1582; x_wconf 89' lang='lat' dir='ltr'>id</span> <span class='ocrx_word' id='word_1_68' title='bbox 1150 1521 1420 1602; x_wconf 87' lang='lat' dir='ltr'>primum</span> <span class='ocrx_word' id='word_1_69' title='bbox 1461 1525 1654 1602; x_wconf 87' lang='lat' dir='ltr'>patet,</span> <span class='ocrx_word' id='word_1_70' title='bbox 1699 1542 1887 1602; x_wconf 85' lang='lat' dir='ltr'>quam</span> <span class='ocrx_word' id='word_1_71' title='bbox 1918 1521 2324 1602; x_wconf 86' lang='lat' dir='ltr'>plurimorum</span> <span class='ocrx_word' id='word_1_72' title='bbox 2354 1542 2647 1604; x_wconf 80' lang='lat' dir='ltr'>generum</span> <span class='ocrx_word' id='word_1_73' title='bbox 2692 1545 2807 1586; x_wconf 89' lang='lat' dir='ltr'>usu</span> <span class='ocrx_word' id='word_1_74' title='bbox 2852 1544 2994 1586; x_wconf 89' lang='lat' dir='ltr'>eum</span> 
     </span>
     <span class='ocr_line' id='line_1_11' title="bbox 420 1623 2989 1709; baseline 0.002 -24"><span class='ocrx_word' id='word_1_75' title='bbox 420 1623 659 1686; x_wconf 86' lang='lat' dir='ltr'>variare</span> <span class='ocrx_word' id='word_1_76' title='bbox 703 1624 1044 1686; x_wconf 90' lang='lat' dir='ltr'>orationem</span> <span class='ocrx_word' id='word_1_77' title='bbox 1087 1623 1412 1697; x_wconf 85' lang='lat' dir='ltr'>studuisse,</span> <span class='ocrx_word' id='word_1_78' title='bbox 1457 1643 1654 1705; x_wconf 89' lang='lat' dir='ltr'>neque</span> <span class='ocrx_word' id='word_1_79' title='bbox 1699 1629 1910 1686; x_wconf 87' lang='lat' dir='ltr'>tamen</span> <span class='ocrx_word' id='word_1_80' title='bbox 1953 1625 2296 1706; x_wconf 88' lang='lat' dir='ltr'>promiscue</span> <span class='ocrx_word' id='word_1_81' title='bbox 2355 1625 2597 1707; x_wconf 82' lang='lat' dir='ltr'>singula</span> <span class='ocrx_word' id='word_1_82' title='bbox 2641 1647 2989 1709; x_wconf 84' lang='lat' dir='ltr'>usurpasse,</span> 
     </span>
     <span class='ocr_line' id='line_1_12' title="bbox 421 1725 2988 1812; baseline 0.002 -26"><span class='ocrx_word' id='word_1_83' title='bbox 421 1725 607 1787; x_wconf 90' lang='lat' dir='ltr'>immo</span> <span class='ocrx_word' id='word_1_84' title='bbox 647 1725 832 1788; x_wconf 89' lang='lat' dir='ltr'>variis</span> <span class='ocrx_word' id='word_1_85' title='bbox 873 1725 1084 1788; x_wconf 85' lang='lat' dir='ltr'>formis</span> <span class='ocrx_word' id='word_1_86' title='bbox 1127 1726 1331 1788; x_wconf 88' lang='lat' dir='ltr'>varias</span> <span class='ocrx_word' id='word_1_87' title='bbox 1373 1746 1471 1788; x_wconf 90' lang='lat' dir='ltr'>res</span> <span class='ocrx_word' id='word_1_88' title='bbox 1516 1725 1910 1808; x_wconf 86' lang='lat' dir='ltr'>rationesque</span> <span class='ocrx_word' id='word_1_89' title='bbox 1968 1748 2092 1789; x_wconf 88' lang='lat' dir='ltr'>non</span> <span class='ocrx_word' id='word_1_90' title='bbox 2147 1727 2276 1791; x_wconf 89' lang='lat' dir='ltr'>sine</span> <span class='ocrx_word' id='word_1_91' title='bbox 2322 1729 2673 1792; x_wconf 88' lang='lat' dir='ltr'>constantia</span> <span class='ocrx_word' id='word_1_92' title='bbox 2716 1729 2988 1812; x_wconf 87' lang='lat' dir='ltr'>quadam</span> 
     </span>
     <span class='ocr_line' id='line_1_13' title="bbox 419 1827 2990 1914; baseline 0.002 -24"><span class='ocrx_word' id='word_1_93' title='bbox 419 1828 760 1909; x_wconf 85' lang='lat' dir='ltr'>exprimere</span> <span class='ocrx_word' id='word_1_94' title='bbox 822 1849 952 1891; x_wconf 89' lang='lat' dir='ltr'>esse</span> <span class='ocrx_word' id='word_1_95' title='bbox 1016 1829 1281 1892; x_wconf 90' lang='lat' dir='ltr'>solitum.</span> <span class='ocrx_word' id='word_1_96' title='bbox 1373 1827 1606 1892; x_wconf 86' lang='lat' dir='ltr'>Deinde</span> <span class='ocrx_word' id='word_1_97' title='bbox 1673 1836 1965 1910; x_wconf 88' lang='lat' dir='ltr'>apparet,</span> <span class='ocrx_word' id='word_1_98' title='bbox 2038 1829 2346 1912; x_wconf 89' lang='lat' dir='ltr'>pertinere</span> <span class='ocrx_word' id='word_1_99' title='bbox 2420 1830 2573 1894; x_wconf 87' lang='lat' dir='ltr'>haec</span> <span class='ocrx_word' id='word_1_100' title='bbox 2618 1831 2865 1914; x_wconf 90' lang='lat' dir='ltr'>quidem</span> <span class='ocrx_word' id='word_1_101' title='bbox 2908 1831 2990 1894; x_wconf 88' lang='lat' dir='ltr'>ad</span> 
     </span>
     <span class='ocr_line' id='line_1_14' title="bbox 421 1930 2995 2016; baseline 0.002 -24"><span class='ocrx_word' id='word_1_102' title='bbox 421 1930 628 1992; x_wconf 88' lang='lat' dir='ltr'>omnia</span> <span class='ocrx_word' id='word_1_103' title='bbox 669 1931 799 2013; x_wconf 88' lang='lat' dir='ltr'>ejus</span> <span class='ocrx_word' id='word_1_104' title='bbox 831 1931 1078 2012; x_wconf 89' lang='lat' dir='ltr'>scripta,</span> <span class='ocrx_word' id='word_1_105' title='bbox 1125 1930 1231 1993; x_wconf 88' lang='lat' dir='ltr'>sed</span> <span class='ocrx_word' id='word_1_106' title='bbox 1253 1931 1450 2012; x_wconf 81' lang='lat' dir='ltr'>magis</span> <span class='ocrx_word' id='word_1_107' title='bbox 1473 1931 1710 1994; x_wconf 90' lang='lat' dir='ltr'>elucere</span> <span class='ocrx_word' id='word_1_108' title='bbox 1741 1953 1817 1995; x_wconf 86' lang='lat' dir='ltr'>ex</span> <span class='ocrx_word' id='word_1_109' title='bbox 1842 1932 2196 2016; x_wconf 83' lang='lat' dir='ltr'>majoribuS‚</span> <span class='ocrx_word' id='word_1_110' title='bbox 2242 1935 2509 1998; x_wconf 85' lang='lat' dir='ltr'>maxime</span> <span class='ocrx_word' id='word_1_111' title='bbox 2536 1956 2612 1997; x_wconf 85' lang='lat' dir='ltr'>ex</span> <span class='ocrx_word' id='word_1_112' title='bbox 2642 1934 2995 1998; x_wconf 79' lang='lat' dir='ltr'>annalibus,</span> 
     </span>
    </p>
   </div>
   <div class='ocr_carea' id='block_1_5' title="bbox 423 2049 2999 2440">
    <p class='ocr_par' dir='ltr' id='par_1_5' title="bbox 423 2049 2999 2440">
     <span class='ocr_line' id='line_1_15' title="bbox 593 2049 2991 2134; baseline 0.002 -22"><span class='ocrx_word' id='word_1_113' title='bbox 593 2049 930 2132; x_wconf 86' lang='lat' dir='ltr'>Pergamus</span> <span class='ocrx_word' id='word_1_114' title='bbox 975 2072 1138 2113; x_wconf 90' lang='lat' dir='ltr'>nunc</span> <span class='ocrx_word' id='word_1_115' title='bbox 1181 2051 1264 2114; x_wconf 87' lang='lat' dir='ltr'>ad</span> <span class='ocrx_word' id='word_1_116' title='bbox 1307 2051 1752 2115; x_wconf 88' lang='lat' dir='ltr'>condicionalia</span> <span class='ocrx_word' id='word_1_117' title='bbox 1781 2053 2110 2115; x_wconf 87' lang='lat' dir='ltr'>enuntiata</span> <span class='ocrx_word' id='word_1_118' title='bbox 2132 2051 2417 2134; x_wconf 88' lang='lat' dir='ltr'>obliquae</span> <span class='ocrx_word' id='word_1_119' title='bbox 2439 2053 2705 2118; x_wconf 87' lang='lat' dir='ltr'>orationi</span> <span class='ocrx_word' id='word_1_120' title='bbox 2733 2053 2991 2128; x_wconf 86' lang='lat' dir='ltr'>inserta,</span> 
     </span>
     <span class='ocr_line' id='line_1_16' title="bbox 423 2152 2999 2238; baseline 0 -22"><span class='ocrx_word' id='word_1_121' title='bbox 423 2152 499 2216; x_wconf 89' lang='lat' dir='ltr'>de</span> <span class='ocrx_word' id='word_1_122' title='bbox 554 2152 776 2235; x_wconf 89' lang='lat' dir='ltr'>quibus</span> <span class='ocrx_word' id='word_1_123' title='bbox 831 2174 953 2215; x_wconf 90' lang='lat' dir='ltr'>non</span> <span class='ocrx_word' id='word_1_124' title='bbox 1008 2154 1139 2216; x_wconf 90' lang='lat' dir='ltr'>sine</span> <span class='ocrx_word' id='word_1_125' title='bbox 1211 2153 1419 2217; x_wconf 78' lang='lat' dir='ltr'>fructu</span> <span class='ocrx_word' id='word_1_126' title='bbox 1488 2155 1608 2217; x_wconf 88' lang='lat' dir='ltr'>erit</span> <span class='ocrx_word' id='word_1_127' title='bbox 1662 2154 2019 2238; x_wconf 80' lang='lat' dir='ltr'>disputatio,</span> <span class='ocrx_word' id='word_1_128' title='bbox 2124 2153 2245 2218; x_wconf 85' lang='lat' dir='ltr'>Sed</span> <span class='ocrx_word' id='word_1_129' title='bbox 2316 2176 2457 2218; x_wconf 89' lang='lat' dir='ltr'>cum</span> <span class='ocrx_word' id='word_1_130' title='bbox 2528 2155 2593 2218; x_wconf 90' lang='lat' dir='ltr'>in</span> <span class='ocrx_word' id='word_1_131' title='bbox 2658 2154 2999 2219; x_wconf 87' lang='lat' dir='ltr'>minoribus</span> 
     </span>
     <span class='ocr_line' id='line_1_17' title="bbox 423 2255 2999 2340; baseline 0.001 -23"><span class='ocrx_word' id='word_1_132' title='bbox 423 2255 731 2337; x_wconf 89' lang='lat' dir='ltr'>opusculis</span> <span class='ocrx_word' id='word_1_133' title='bbox 771 2261 902 2318; x_wconf 86' lang='lat' dir='ltr'>tam</span> <span class='ocrx_word' id='word_1_134' title='bbox 947 2256 1201 2336; x_wconf 81' lang='lat' dir='ltr'>exiguus</span> <span class='ocrx_word' id='word_1_135' title='bbox 1248 2256 1328 2318; x_wconf 91' lang='lat' dir='ltr'>sit</span> <span class='ocrx_word' id='word_1_136' title='bbox 1385 2257 1805 2339; x_wconf 81' lang='lat' dir='ltr'>exemplorum</span> <span class='ocrx_word' id='word_1_137' title='bbox 1862 2258 2184 2332; x_wconf 82' lang='lat' dir='ltr'>numerus,</span> <span class='ocrx_word' id='word_1_138' title='bbox 2240 2261 2313 2319; x_wconf 91' lang='lat' dir='ltr'>ut</span> <span class='ocrx_word' id='word_1_139' title='bbox 2354 2256 2455 2320; x_wconf 83' lang='lat' dir='ltr'>vix</span> <span class='ocrx_word' id='word_1_140' title='bbox 2520 2258 2716 2340; x_wconf 88' lang='lat' dir='ltr'>possit</span> <span class='ocrx_word' id='word_1_141' title='bbox 2772 2257 2848 2321; x_wconf 90' lang='lat' dir='ltr'>de</span> <span class='ocrx_word' id='word_1_142' title='bbox 2900 2257 2999 2320; x_wconf 90' lang='lat' dir='ltr'>his</span> 
     </span>
     <span class='ocr_line' id='line_1_18' title="bbox 423 2356 2546 2440; baseline 0 -18"><span class='ocrx_word' id='word_1_143' title='bbox 423 2357 657 2440; x_wconf 86' lang='lat' dir='ltr'>aliquid</span> <span class='ocrx_word' id='word_1_144' title='bbox 701 2357 854 2420; x_wconf 90' lang='lat' dir='ltr'>certi</span> <span class='ocrx_word' id='word_1_145' title='bbox 897 2358 1106 2434; x_wconf 83' lang='lat' dir='ltr'>statui,</span> <span class='ocrx_word' id='word_1_146' title='bbox 1151 2357 1229 2420; x_wconf 91' lang='lat' dir='ltr'>de</span> <span class='ocrx_word' id='word_1_147' title='bbox 1273 2358 1416 2422; x_wconf 87' lang='lat' dir='ltr'>solis</span> <span class='ocrx_word' id='word_1_148' title='bbox 1461 2358 1732 2422; x_wconf 86' lang='lat' dir='ltr'>historiis</span> <span class='ocrx_word' id='word_1_149' title='bbox 1767 2356 1843 2422; x_wconf 55' lang='lat' dir='ltr'>‘et</span> <span class='ocrx_word' id='word_1_150' title='bbox 1886 2357 2215 2423; x_wconf 84' lang='lat' dir='ltr'>annalibus</span> <span class='ocrx_word' id='word_1_151' title='bbox 2260 2358 2546 2423; x_wconf 74' lang='lat' dir='ltr'>dicemus,</span> 
     </span>
    </p>
   </div>
   <div class='ocr_carea' id='block_1_6' title="bbox 421 2473 3001 3174">
    <p class='ocr_par' dir='ltr' id='par_1_6' title="bbox 421 2473 3001 3174">
     <span class='ocr_line' id='line_1_19' title="bbox 597 2473 2996 2560; baseline 0 -20"><span class='ocrx_word' id='word_1_152' title='bbox 597 2473 761 2541; x_wconf 87' lang='lat' dir='ltr'>Satis</span> <span class='ocrx_word' id='word_1_153' title='bbox 806 2482 1068 2553; x_wconf 89' lang='lat' dir='ltr'>constat,</span> <span class='ocrx_word' id='word_1_154' title='bbox 1113 2497 1469 2544; x_wconf 85' lang='lat' dir='ltr'>concessum</span> <span class='ocrx_word' id='word_1_155' title='bbox 1513 2497 1644 2540; x_wconf 88' lang='lat' dir='ltr'>esse</span> <span class='ocrx_word' id='word_1_156' title='bbox 1687 2477 1999 2540; x_wconf 86' lang='lat' dir='ltr'>historicis</span> <span class='ocrx_word' id='word_1_157' title='bbox 2044 2477 2108 2539; x_wconf 89' lang='lat' dir='ltr'>in</span> <span class='ocrx_word' id='word_1_158' title='bbox 2140 2477 2425 2560; x_wconf 88' lang='lat' dir='ltr'>obliquae</span> <span class='ocrx_word' id='word_1_159' title='bbox 2450 2479 2747 2543; x_wconf 87' lang='lat' dir='ltr'>orationis</span> <span class='ocrx_word' id='word_1_160' title='bbox 2779 2499 2996 2542; x_wconf 84' lang='lat' dir='ltr'>secun-</span> 
     </span>
     <span class='ocr_line' id='line_1_20' title="bbox 424 2579 2999 2663; baseline 0 -20"><span class='ocrx_word' id='word_1_161' title='bbox 424 2581 612 2644; x_wconf 86' lang='lat' dir='ltr'>dariis</span> <span class='ocrx_word' id='word_1_162' title='bbox 657 2579 993 2656; x_wconf 80' lang='lat' dir='ltr'>sententiiS,</span> <span class='ocrx_word' id='word_1_163' title='bbox 1037 2582 1378 2662; x_wconf 89' lang='lat' dir='ltr'>praesentis</span> <span class='ocrx_word' id='word_1_164' title='bbox 1423 2581 1517 2644; x_wconf 91' lang='lat' dir='ltr'>vel</span> <span class='ocrx_word' id='word_1_165' title='bbox 1571 2580 1825 2662; x_wconf 88' lang='lat' dir='ltr'>perfecti</span> <span class='ocrx_word' id='word_1_166' title='bbox 1870 2580 2325 2663; x_wconf 86' lang='lat' dir='ltr'>conjunctivum</span> <span class='ocrx_word' id='word_1_167' title='bbox 2369 2580 2689 2655; x_wconf 88' lang='lat' dir='ltr'>adhibere,</span> <span class='ocrx_word' id='word_1_168' title='bbox 2757 2581 2999 2644; x_wconf 87' lang='lat' dir='ltr'>etiamsi</span> 
     </span>
     <span class='ocr_line' id='line_1_21' title="bbox 425 2681 3001 2766; baseline -0 -21"><span class='ocrx_word' id='word_1_169' title='bbox 425 2683 534 2746; x_wconf 89' lang='lat' dir='ltr'>illa</span> <span class='ocrx_word' id='word_1_170' title='bbox 574 2703 650 2745; x_wconf 85' lang='lat' dir='ltr'>ex</span> <span class='ocrx_word' id='word_1_171' title='bbox 691 2682 998 2746; x_wconf 89' lang='lat' dir='ltr'>historicis</span> <span class='ocrx_word' id='word_1_172' title='bbox 1043 2682 1422 2764; x_wconf 87' lang='lat' dir='ltr'>temporibus</span> <span class='ocrx_word' id='word_1_173' title='bbox 1475 2681 1757 2766; x_wconf 87' lang='lat' dir='ltr'>pendeat.</span> <span class='ocrx_word' id='word_1_174' title='bbox 1858 2681 2035 2758; x_wconf 78' lang='lat' dir='ltr'>Quod</span> <span class='ocrx_word' id='word_1_175' title='bbox 2089 2683 2563 2746; x_wconf 84' lang='lat' dir='ltr'>usitatissimum</span> <span class='ocrx_word' id='word_1_176' title='bbox 2608 2687 2703 2746; x_wconf 90' lang='lat' dir='ltr'>est</span> <span class='ocrx_word' id='word_1_177' title='bbox 2758 2683 2823 2745; x_wconf 89' lang='lat' dir='ltr'>in</span> <span class='ocrx_word' id='word_1_178' title='bbox 2866 2683 3001 2746; x_wconf 88' lang='lat' dir='ltr'>lon-</span> 
     </span>
     <span class='ocr_line' id='line_1_22' title="bbox 425 2784 2995 2868; baseline -0 -20"><span class='ocrx_word' id='word_1_179' title='bbox 425 2784 694 2866; x_wconf 87' lang='lat' dir='ltr'>gioribus</span> <span class='ocrx_word' id='word_1_180' title='bbox 734 2784 1116 2849; x_wconf 87' lang='lat' dir='ltr'>orationibus</span> <span class='ocrx_word' id='word_1_181' title='bbox 1145 2807 1343 2868; x_wconf 90' lang='lat' dir='ltr'>neque</span> <span class='ocrx_word' id='word_1_182' title='bbox 1386 2791 1597 2850; x_wconf 87' lang='lat' dir='ltr'>tamen</span> <span class='ocrx_word' id='word_1_183' title='bbox 1626 2809 1664 2850; x_wconf 90' lang='lat' dir='ltr'>a</span> <span class='ocrx_word' id='word_1_184' title='bbox 1703 2784 2083 2850; x_wconf 88' lang='lat' dir='ltr'>brevioribus</span> <span class='ocrx_word' id='word_1_185' title='bbox 2114 2784 2426 2860; x_wconf 89' lang='lat' dir='ltr'>abhorret,</span> <span class='ocrx_word' id='word_1_186' title='bbox 2473 2784 2805 2863; x_wconf 89' lang='lat' dir='ltr'>dummodo</span> <span class='ocrx_word' id='word_1_187' title='bbox 2854 2806 2995 2848; x_wconf 90' lang='lat' dir='ltr'>cum</span> 
     </span>
     <span class='ocr_line' id='line_1_23' title="bbox 424 2887 2999 2970; baseline -0 -19"><span class='ocrx_word' id='word_1_188' title='bbox 424 2887 748 2952; x_wconf 86' lang='lat' dir='ltr'>alacritate</span> <span class='ocrx_word' id='word_1_189' title='bbox 793 2887 1064 2970; x_wconf 83' lang='lat' dir='ltr'>quadam</span> <span class='ocrx_word' id='word_1_190' title='bbox 1115 2909 1221 2954; x_wconf 89' lang='lat' dir='ltr'>eas</span> <span class='ocrx_word' id='word_1_191' title='bbox 1272 2887 1503 2952; x_wconf 87' lang='lat' dir='ltr'>referat</span> <span class='ocrx_word' id='word_1_192' title='bbox 1552 2888 1831 2970; x_wconf 89' lang='lat' dir='ltr'>scriptor.</span> <span class='ocrx_word' id='word_1_193' title='bbox 1890 2925 1974 2932; x_wconf 93' lang='lat'>—-</span> <span class='ocrx_word' id='word_1_194' title='bbox 2032 2887 2233 2963; x_wconf 81' lang='lat' dir='ltr'>Quam</span> <span class='ocrx_word' id='word_1_195' title='bbox 2290 2887 2754 2968; x_wconf 85' lang='lat' dir='ltr'>diligentissime</span> <span class='ocrx_word' id='word_1_196' title='bbox 2806 2887 2999 2969; x_wconf 87' lang='lat' dir='ltr'>potui,</span> 
     </span>
     <span class='ocr_line' id='line_1_24' title="bbox 425 2987 2999 3072; baseline 0 -20"><span class='ocrx_word' id='word_1_197' title='bbox 425 2989 623 3054; x_wconf 88' lang='lat' dir='ltr'>Taciti</span> <span class='ocrx_word' id='word_1_198' title='bbox 689 2988 810 3054; x_wconf 86' lang='lat' dir='ltr'>hac</span> <span class='ocrx_word' id='word_1_199' title='bbox 883 2990 948 3052; x_wconf 92' lang='lat' dir='ltr'>in</span> <span class='ocrx_word' id='word_1_200' title='bbox 1010 3010 1078 3052; x_wconf 88' lang='lat' dir='ltr'>re</span> <span class='ocrx_word' id='word_1_201' title='bbox 1135 2989 1315 3053; x_wconf 84' lang='lat' dir='ltr'>usum&#39;</span> <span class='ocrx_word' id='word_1_202' title='bbox 1378 2995 1805 3072; x_wconf 88' lang='lat' dir='ltr'>perscrutatus</span> <span class='ocrx_word' id='word_1_203' title='bbox 1892 3009 2029 3052; x_wconf 90' lang='lat' dir='ltr'>sum</span> <span class='ocrx_word' id='word_1_204' title='bbox 2090 2994 2153 3052; x_wconf 92' lang='lat' dir='ltr'>et</span> <span class='ocrx_word' id='word_1_205' title='bbox 2218 3010 2377 3072; x_wconf 89' lang='lat' dir='ltr'>quae</span> <span class='ocrx_word' id='word_1_206' title='bbox 2442 2987 2761 3053; x_wconf 81' lang='lat' dir='ltr'>observavi</span> <span class='ocrx_word' id='word_1_207' title='bbox 2833 3010 2999 3052; x_wconf 91' lang='lat' dir='ltr'>nunc</span> 
     </span>
     <span class='ocr_line' id='line_1_25' title="bbox 421 3091 749 3174; baseline 0 -18"><span class='ocrx_word' id='word_1_208' title='bbox 421 3091 749 3174; x_wconf 85' lang='lat' dir='ltr'>proferam.</span> 
     </span>
    </p>
   </div>
   <div class='ocr_carea' id='block_1_7' title="bbox 424 3212 3003 4629">
    <p class='ocr_par' dir='ltr' id='par_1_7' title="bbox 424 3212 3003 4211">
     <span class='ocr_line' id='line_1_26' title="bbox 593 3212 3000 3296; baseline 0 -21"><span class='ocrx_word' id='word_1_209' title='bbox 593 3212 734 3276; x_wconf 90' lang='lat' dir='ltr'>Non</span> <span class='ocrx_word' id='word_1_210' title='bbox 777 3233 1297 3295; x_wconf 86' lang='lat' dir='ltr'>supervacaneum</span> <span class='ocrx_word' id='word_1_211' title='bbox 1344 3214 1480 3288; x_wconf 87' lang='lat' dir='ltr'>erit,</span> <span class='ocrx_word' id='word_1_212' title='bbox 1527 3235 1631 3277; x_wconf 90' lang='lat' dir='ltr'>eas</span> <span class='ocrx_word' id='word_1_213' title='bbox 1675 3213 1875 3296; x_wconf 90' lang='lat' dir='ltr'>primo</span> <span class='ocrx_word' id='word_1_214' title='bbox 1907 3233 2229 3294; x_wconf 86' lang='lat' dir='ltr'>segregare</span> <span class='ocrx_word' id='word_1_215' title='bbox 2266 3212 2620 3288; x_wconf 87' lang='lat' dir='ltr'>sententias,</span> <span class='ocrx_word' id='word_1_216' title='bbox 2666 3213 2730 3275; x_wconf 91' lang='lat' dir='ltr'>in</span> <span class='ocrx_word' id='word_1_217' title='bbox 2776 3212 3000 3296; x_wconf 90' lang='lat' dir='ltr'>quibus</span> 
     </span>
     <span class='ocr_line' id='line_1_27' title="bbox 424 3314 2997 3398; baseline 0 -20"><span class='ocrx_word' id='word_1_218' title='bbox 424 3335 744 3396; x_wconf 86' lang='lat' dir='ltr'>nunquam</span> <span class='ocrx_word' id='word_1_219' title='bbox 788 3321 1126 3398; x_wconf 87' lang='lat' dir='ltr'>usurpatur</span> <span class='ocrx_word' id='word_1_220' title='bbox 1168 3316 1607 3398; x_wconf 87' lang='lat' dir='ltr'>primariorum</span> <span class='ocrx_word' id='word_1_221' title='bbox 1629 3323 1981 3398; x_wconf 89' lang='lat' dir='ltr'>temporum</span> <span class='ocrx_word' id='word_1_222' title='bbox 2002 3316 2442 3398; x_wconf 79' lang='lat' dir='ltr'>conjunctivus,</span> <span class='ocrx_word' id='word_1_223' title='bbox 2533 3314 2697 3378; x_wconf 87' lang='lat' dir='ltr'>Nam</span> <span class='ocrx_word' id='word_1_224' title='bbox 2740 3315 2807 3377; x_wconf 88' lang='lat' dir='ltr'>in</span> <span class='ocrx_word' id='word_1_225' title='bbox 2851 3337 2997 3378; x_wconf 88' lang='lat' dir='ltr'>con-</span> 
     </span>
     <span class='ocr_line' id='line_1_28' title="bbox 425 3418 2998 3500; baseline 0 -20"><span class='ocrx_word' id='word_1_226' title='bbox 425 3419 734 3481; x_wconf 84' lang='lat' dir='ltr'>secutione</span> <span class='ocrx_word' id='word_1_227' title='bbox 775 3424 1126 3500; x_wconf 87' lang='lat' dir='ltr'>temporum</span> <span class='ocrx_word' id='word_1_228' title='bbox 1171 3439 1476 3483; x_wconf 87' lang='lat' dir='ltr'>summam</span> <span class='ocrx_word' id='word_1_229' title='bbox 1520 3419 1706 3482; x_wconf 84' lang='lat' dir='ltr'>fuisse</span> <span class='ocrx_word' id='word_1_230' title='bbox 1747 3418 1947 3482; x_wconf 87' lang='lat' dir='ltr'>Taciti</span> <span class='ocrx_word' id='word_1_231' title='bbox 1990 3418 2303 3482; x_wconf 84' lang='lat' dir='ltr'>licentiam</span> <span class='ocrx_word' id='word_1_232' title='bbox 2346 3439 2471 3482; x_wconf 87' lang='lat' dir='ltr'>non</span> <span class='ocrx_word' id='word_1_233' title='bbox 2513 3419 2696 3499; x_wconf 85' lang='lat' dir='ltr'>pauci</span> <span class='ocrx_word' id='word_1_234' title='bbox 2738 3423 2998 3500; x_wconf 83' lang='lat' dir='ltr'>putant;</span> 
     </span>
     <span class='ocr_line' id='line_1_29' title="bbox 425 3517 3002 3604; baseline 0 -20"><span class='ocrx_word' id='word_1_235' title='bbox 425 3520 466 3584; x_wconf 85' lang='lat' dir='ltr'>J</span> <span class='ocrx_word' id='word_1_236' title='bbox 467 3521 939 3602; x_wconf 83' lang='lat' dir='ltr'>ungclausenius</span> <span class='ocrx_word' id='word_1_237' title='bbox 985 3522 1234 3604; x_wconf 90' lang='lat' dir='ltr'>quidem</span> <span class='ocrx_word' id='word_1_238' title='bbox 1289 3523 1384 3586; x_wconf 89' lang='lat' dir='ltr'>vel</span> <span class='ocrx_word' id='word_1_239' title='bbox 1441 3522 1670 3586; x_wconf 91' lang='lat' dir='ltr'>talibus</span> <span class='ocrx_word' id='word_1_240' title='bbox 1726 3521 1791 3584; x_wconf 89' lang='lat' dir='ltr'>in</span> <span class='ocrx_word' id='word_1_241' title='bbox 1844 3521 2021 3584; x_wconf 87' lang='lat' dir='ltr'>locis:</span> <span class='ocrx_word' id='word_1_242' title='bbox 2095 3541 2135 3584; x_wconf 92' lang='lat' dir='ltr'>a</span> <span class='ocrx_word' id='word_1_243' title='bbox 2178 3517 2287 3596; x_wconf 93' lang='lat' dir='ltr'>III,</span> <span class='ocrx_word' id='word_1_244' title='bbox 2348 3523 2425 3584; x_wconf 85' lang='grc'>67</span> <span class='ocrx_word' id='word_1_245' title='bbox 2486 3519 2704 3584; x_wconf 81' lang='lat' dir='ltr'>Servos</span> <span class='ocrx_word' id='word_1_246' title='bbox 2760 3541 3002 3602; x_wconf 89' lang='lat' dir='ltr'>quoque</span> 
     </span>
     <span class='ocr_line' id='line_1_30' title="bbox 427 3621 3002 3707; baseline 0 -23"><span class='ocrx_word' id='word_1_247' title='bbox 427 3621 621 3684; x_wconf 85' lang='lat' dir='ltr'>Silani</span> <span class='ocrx_word' id='word_1_248' title='bbox 673 3626 746 3685; x_wconf 91' lang='lat' dir='ltr'>ut</span> <span class='ocrx_word' id='word_1_249' title='bbox 804 3625 1126 3686; x_wconf 86' lang='lat' dir='ltr'>tormentis</span> <span class='ocrx_word' id='word_1_250' title='bbox 1181 3624 1641 3705; x_wconf 85' lang='lat' dir='ltr'>interrogentur</span> <span class='ocrx_word' id='word_1_251' title='bbox 1694 3627 1870 3686; x_wconf 86' lang='lat' dir='ltr'>actor</span> <span class='ocrx_word' id='word_1_252' title='bbox 1940 3621 2221 3704; x_wconf 87' lang='lat' dir='ltr'>publicus</span> <span class='ocrx_word' id='word_1_253' title='bbox 2288 3623 2594 3704; x_wconf 84' lang='lat' dir='ltr'>mancipio</span> <span class='ocrx_word' id='word_1_254' title='bbox 2661 3627 3002 3707; x_wconf 88' lang='lat' dir='ltr'>acceperat,</span> 
     </span>
     <span class='ocr_line' id='line_1_31' title="bbox 425 3723 3000 3818; baseline -0 -30"><span class='ocrx_word' id='word_1_255' title='bbox 425 3724 595 3801; x_wconf 88' lang='lat' dir='ltr'>XIII,</span> <span class='ocrx_word' id='word_1_256' title='bbox 640 3727 719 3818; x_wconf 78' lang='lat'>27</span> <span class='ocrx_word' id='word_1_257' title='bbox 783 3726 1148 3810; x_wconf 88' lang='lat' dir='ltr'>scripsitque</span> <span class='ocrx_word' id='word_1_258' title='bbox 1192 3726 1448 3804; x_wconf 88' lang='lat' dir='ltr'>Caesar,</span> <span class='ocrx_word' id='word_1_259' title='bbox 1517 3725 1811 3810; x_wconf 88' lang='lat' dir='ltr'>privatim</span> <span class='ocrx_word' id='word_1_260' title='bbox 1854 3723 2270 3809; x_wconf 85' lang='lat' dir='ltr'>expenderent</span> <span class='ocrx_word' id='word_1_261' title='bbox 2326 3745 2578 3788; x_wconf 86' lang='lat' dir='ltr'>causam</span> <span class='ocrx_word' id='word_1_262' title='bbox 2622 3724 3000 3799; x_wconf 81' lang='lat' dir='ltr'>libertorum,</span> 
     </span>
     <span class='ocr_line' id='line_1_32' title="bbox 425 3824 3003 3912; baseline -0.002 -21"><span class='ocrx_word' id='word_1_263' title='bbox 425 3829 708 3910; x_wconf 89' lang='lat' dir='ltr'>quotiens</span> <span class='ocrx_word' id='word_1_264' title='bbox 753 3850 791 3890; x_wconf 89' lang='lat' dir='ltr'>a</span> <span class='ocrx_word' id='word_1_265' title='bbox 834 3829 1113 3912; x_wconf 86' lang='lat' dir='ltr'>patronis</span> <span class='ocrx_word' id='word_1_266' title='bbox 1157 3835 1596 3910; x_wconf 83' lang='lat' dir='ltr'>arguerentur3</span> <span class='ocrx_word' id='word_1_267' title='bbox 1642 3828 1707 3891; x_wconf 88' lang='lat' dir='ltr'>in</span> <span class='ocrx_word' id='word_1_268' title='bbox 1736 3847 2060 3890; x_wconf 88' lang='lat' dir='ltr'>commune</span> <span class='ocrx_word' id='word_1_269' title='bbox 2082 3825 2239 3888; x_wconf 80' lang='lat' dir='ltr'>nihil</span> <span class='ocrx_word' id='word_1_270' title='bbox 2270 3824 2583 3906; x_wconf 77' lang='lat' dir='ltr'>derogent,</span> <span class='ocrx_word' id='word_1_271' title='bbox 2630 3865 2713 3872; x_wconf 88' lang='lat'>—-</span> <span class='ocrx_word' id='word_1_272' title='bbox 2758 3825 3003 3888; x_wconf 88' lang='lat' dir='ltr'>defendi</span> 
     </span>
     <span class='ocr_line' id='line_1_33' title="bbox 427 3927 3003 4014; baseline -0 -22"><span class='ocrx_word' id='word_1_273' title='bbox 427 3951 604 4014; x_wconf 84' lang='lat' dir='ltr'>posse</span> <span class='ocrx_word' id='word_1_274' title='bbox 657 3928 958 3994; x_wconf 89' lang='lat' dir='ltr'>librorum</span> <span class='ocrx_word' id='word_1_275' title='bbox 1021 3930 1396 4014; x_wconf 85' lang='lat' dir='ltr'>scripturam</span> <span class='ocrx_word' id='word_1_276' title='bbox 1461 3931 1790 3994; x_wconf 87' lang='lat' dir='ltr'>existimat.</span> <span class='ocrx_word' id='word_1_277' title='bbox 1905 3929 2038 4010; x_wconf 86' lang='lat' dir='ltr'>Ego</span> <span class='ocrx_word' id='word_1_278' title='bbox 2104 3933 2268 3992; x_wconf 89' lang='lat' dir='ltr'>certe</span> <span class='ocrx_word' id='word_1_279' title='bbox 2341 3930 2407 3992; x_wconf 89' lang='lat' dir='ltr'>in</span> <span class='ocrx_word' id='word_1_280' title='bbox 2478 3927 3003 3992; x_wconf 85' lang='lat' dir='ltr'>condicionalibus</span> 
     </span>
     <span class='ocr_line' id='line_1_34' title="bbox 427 4028 3003 4116; baseline -0.001 -21"><span class='ocrx_word' id='word_1_281' title='bbox 427 4032 772 4096; x_wconf 87' lang='lat' dir='ltr'>enunciatis</span> <span class='ocrx_word' id='word_1_282' title='bbox 829 4053 1224 4114; x_wconf 88' lang='lat' dir='ltr'>nequaquam</span> <span class='ocrx_word' id='word_1_283' title='bbox 1280 4037 1526 4096; x_wconf 89' lang='lat' dir='ltr'>tantam</span> <span class='ocrx_word' id='word_1_284' title='bbox 1578 4053 1708 4096; x_wconf 90' lang='lat' dir='ltr'>esse</span> <span class='ocrx_word' id='word_1_285' title='bbox 1781 4031 2098 4116; x_wconf 89' lang='lat' dir='ltr'>scriptoris</span> <span class='ocrx_word' id='word_1_286' title='bbox 2172 4031 2523 4094; x_wconf 88' lang='lat' dir='ltr'>libertatem</span> <span class='ocrx_word' id='word_1_287' title='bbox 2576 4028 3003 4108; x_wconf 81' lang='lat' dir='ltr'>demonstrare</span> 
     </span>
     <span class='ocr_line' id='line_1_35' title="bbox 429 4134 2213 4211; baseline -0.001 -12"><span class='ocrx_word' id='word_1_288' title='bbox 429 4134 718 4199; x_wconf 62' lang='lat' dir='ltr'>studebo:</span> <span class='ocrx_word' id='word_1_289' title='bbox 2208 4205 2213 4211; x_wconf 17' lang='lat' dir='ltr'>q</span> 
     </span>
    </p>

    <p class='ocr_par' dir='ltr' id='par_1_8' title="bbox 427 4235 3001 4629">
     <span class='ocr_line' id='line_1_36' title="bbox 597 4235 3001 4323; baseline -0.001 -22"><span class='ocrx_word' id='word_1_290' title='bbox 597 4237 875 4301; x_wconf 89' lang='lat' dir='ltr'>Primum</span> <span class='ocrx_word' id='word_1_291' title='bbox 916 4238 1105 4319; x_wconf 84' lang='lat' dir='ltr'>igitur</span> <span class='ocrx_word' id='word_1_292' title='bbox 1151 4257 1392 4322; x_wconf 87' lang='lat' dir='ltr'>semper</span> <span class='ocrx_word' id='word_1_293' title='bbox 1434 4237 1871 4300; x_wconf 85' lang='lat' dir='ltr'>historicorum</span> <span class='ocrx_word' id='word_1_294' title='bbox 1914 4243 2263 4323; x_wconf 89' lang='lat' dir='ltr'>temporum</span> <span class='ocrx_word' id='word_1_295' title='bbox 2294 4235 2717 4318; x_wconf 88' lang='lat' dir='ltr'>conjunctivus</span> <span class='ocrx_word' id='word_1_296' title='bbox 2745 4235 3001 4300; x_wconf 87' lang='lat' dir='ltr'>adhibe-</span> 
     </span>
     <span class='ocr_line' id='line_1_37' title="bbox 429 4338 2999 4425; baseline -0.002 -20"><span class='ocrx_word' id='word_1_297' title='bbox 429 4348 532 4405; x_wconf 88' lang='lat' dir='ltr'>tur</span> <span class='ocrx_word' id='word_1_298' title='bbox 575 4342 640 4404; x_wconf 90' lang='lat' dir='ltr'>in</span> <span class='ocrx_word' id='word_1_299' title='bbox 681 4342 756 4404; x_wconf 89' lang='lat' dir='ltr'>iis</span> <span class='ocrx_word' id='word_1_300' title='bbox 811 4341 1146 4403; x_wconf 86' lang='lat' dir='ltr'>enuntiatis</span> <span class='ocrx_word' id='word_1_301' title='bbox 1203 4338 1426 4421; x_wconf 89' lang='lat' dir='ltr'>quibus</span> <span class='ocrx_word' id='word_1_302' title='bbox 1479 4338 1650 4402; x_wconf 84' lang='lat' dir='ltr'>deest</span> <span class='ocrx_word' id='word_1_303' title='bbox 1704 4341 1957 4423; x_wconf 85' lang='lat' dir='ltr'>propria</span> <span class='ocrx_word' id='word_1_304' title='bbox 2010 4339 2322 4425; x_wconf 80' lang='lat' dir='ltr'>apodosiS‚</span> <span class='ocrx_word' id='word_1_305' title='bbox 2380 4339 2549 4401; x_wconf 89' lang='lat' dir='ltr'>notio</span> <span class='ocrx_word' id='word_1_306' title='bbox 2604 4345 2815 4402; x_wconf 89' lang='lat' dir='ltr'>autem</span> <span class='ocrx_word' id='word_1_307' title='bbox 2870 4340 2999 4422; x_wconf 87' lang='lat' dir='ltr'>ejus</span> 
     </span>
     <span class='ocr_line' id='line_1_38' title="bbox 427 4440 3000 4526; baseline -0.001 -20"><span class='ocrx_word' id='word_1_308' title='bbox 427 4444 556 4507; x_wconf 88' lang='lat' dir='ltr'>vice</span> <span class='ocrx_word' id='word_1_309' title='bbox 597 4443 856 4524; x_wconf 84' lang='lat' dir='ltr'>fungens</span> <span class='ocrx_word' id='word_1_310' title='bbox 901 4442 1252 4504; x_wconf 86' lang='lat' dir='ltr'>continetur</span> <span class='ocrx_word' id='word_1_311' title='bbox 1305 4440 1488 4504; x_wconf 89' lang='lat' dir='ltr'>verbo</span> <span class='ocrx_word' id='word_1_312' title='bbox 1566 4461 1642 4503; x_wconf 82' lang='lat' dir='ltr'>ex</span> <span class='ocrx_word' id='word_1_313' title='bbox 1695 4462 1817 4523; x_wconf 92' lang='lat' dir='ltr'>quo</span> <span class='ocrx_word' id='word_1_314' title='bbox 1890 4442 2117 4526; x_wconf 67' lang='lat' dir='ltr'>pendet</span> <span class='ocrx_word' id='word_1_315' title='bbox 2188 4440 2621 4504; x_wconf 89' lang='lat' dir='ltr'>condicionalis</span> <span class='ocrx_word' id='word_1_316' title='bbox 2676 4441 3000 4516; x_wconf 81' lang='lat' dir='ltr'>sententia,</span> 
     </span>
     <span class='ocr_line' id='line_1_39' title="bbox 427 4543 2999 4629; baseline -0.001 -21"><span class='ocrx_word' id='word_1_317' title='bbox 427 4547 678 4629; x_wconf 88' lang='lat' dir='ltr'>ejusque</span> <span class='ocrx_word' id='word_1_318' title='bbox 721 4544 978 4628; x_wconf 86' lang='lat' dir='ltr'>object0,</span> <span class='ocrx_word' id='word_1_319' title='bbox 1023 4549 1124 4609; x_wconf 85' lang='lat' dir='ltr'>ut:</span> <span class='ocrx_word' id='word_1_320' title='bbox 1168 4543 1214 4606; x_wconf 93' lang='lat' dir='ltr'>h</span> <span class='ocrx_word' id='word_1_321' title='bbox 1258 4543 1363 4619; x_wconf 86' lang='lat' dir='ltr'>IV,</span> <span class='ocrx_word' id='word_1_322' title='bbox 1409 4545 1491 4608; x_wconf 80' lang='lat'>59</span> <span class='ocrx_word' id='word_1_323' title='bbox 1539 4544 1779 4607; x_wconf 89' lang='lat' dir='ltr'>veniam</span> <span class='ocrx_word' id='word_1_324' title='bbox 1824 4549 2235 4621; x_wconf 79' lang='lat' dir='ltr'>ostentanteS,</span> <span class='ocrx_word' id='word_1_325' title='bbox 2293 4543 2343 4606; x_wconf 84' lang='lat' dir='ltr'>si</span> <span class='ocrx_word' id='word_1_326' title='bbox 2386 4544 2741 4628; x_wconf 86' lang='lat' dir='ltr'>praesentia</span> <span class='ocrx_word' id='word_1_327' title='bbox 2783 4563 2999 4626; x_wconf 86' lang='lat' dir='ltr'>seque-</span> 
     </span>
    </p>
   </div>
   <div class='ocr_carea' id='block_1_8' title="bbox 3143 1051 3153 1078">
    <p class='ocr_par' dir='ltr' id='par_1_9' title="bbox 3143 1051 3153 1078">
     <span class='ocr_line' id='line_1_40' title="bbox 3143 1051 3153 1078; baseline 0 0"><span class='ocrx_word' id='word_1_328' title='bbox 3143 1051 3153 1078; x_wconf 60' lang='grc' dir='ltr'><strong>Ν</strong></span> 
     </span>
    </p>
   </div>
  </div>
 </body>
</html>
