3600 5392
1820 459 1906 524 10

755 648 898 713 Uno
942 649 1006 711 in
1049 645 1182 711 1000
1225 645 1269 710 11
1305 646 1382 722 IL
1431 649 1509 711 77
1557 646 1983 729 conjunctivus
2042 653 2202 711 esset
2259 670 2401 712 cum
2445 649 2769 731 participio
2812 646 3009 712 futuri
3052 652 3147 711 est

585 752 966 836 conjunctus.
1055 751 1096 815 J
1098 772 1239 827 ure3
1310 772 1457 815 nam
1501 750 1553 814 si
1598 730 1898 833 scriptum
1942 756 2103 813 esset
2146 757 2339 827 ‚erat‘,
2394 752 2459 815 id
2504 751 2911 833 significaret:
2968 750 3143 832 cujus

582 854 779 920 filium
829 856 1246 939 adoptassem‚
1311 855 1363 917 si
1414 854 1544 937 ipse
1612 854 2007 935 imperarem3
2082 856 2215 918 vult
2295 862 2506 919 autem
2572 854 2726 918 haec
2802 853 3143 935 exprimere

581 959 860 1025 Tacitus:
905 960 1079 1044 cujus
1122 956 1319 1020 filium
1362 955 1744 1038 adoptarem,
1789 957 1841 1019 si
1884 957 2017 1038 ipse
2060 957 2449 1040 imperarem.
2541 957 2818 1034 Quorum
2855 957 2921 1020 in
2942 956 3145 1019 locum

579 1086 740 1147 quae
794 1062 1135 1138 substituit,
1207 1066 1270 1124 et
1315 1059 1532 1123 melius
1608 1056 1842 1122 cadunt
1909 1066 1972 1124 et
2016 1060 2448 1124 tantummodo
2504 1060 2716 1125 fictam
2760 1078 2891 1122 esse
2936 1057 3143 1121 condi-

579 1168 817 1255 cionem
859 1165 1057 1247 magis
1100 1162 1439 1227 declarant.

747 1303 941 1367 Porro
984 1320 1431 1383 nonnunquam
1497 1322 1606 1383 per
1657 1302 1997 1365 oratoriam
2050 1301 2367 1383 quandam
2416 1300 2683 1382 figuram
2725 1302 2807 1377 id,
2882 1304 3046 1385 quod
3092 1304 3145 1367 si

575 1409 876 1473 evenisset
928 1403 1204 1469 condicio
1277 1404 1622 1467 necessario
1665 1407 1827 1467 esset
1870 1403 2129 1479 factum,
2180 1404 2768 1487 plusquamperfecti
2810 1405 3143 1470 indicativo

575 1509 985 1593 significatur:
1085 1506 1270 1591 Apud
1312 1505 1668 1571 Ciceronem
1723 1528 1847 1569 non
1896 1506 2184 1589 frequens
2236 1514 2331 1572 est
2372 1507 2525 1571 haec
2568 1507 2799 1589 figura,
2874 1509 3147 1574 crebrior

573 1613 741 1697 apud
783 1611 1087 1677 inferioris
1129 1610 1354 1674 aetatis
1399 1610 1744 1691 scriptores,
1789 1610 2164 1675 creberrima
2207 1611 2374 1694 apud
2419 1610 2730 1676 Senecam.

742 1750 818 1813 In
862 1749 1061 1813 Taciti
1104 1769 1230 1811 non
1273 1746 1454 1811 modo
1499 1748 1843 1812 minoribus
1887 1750 2132 1831 scriptis
2191 1748 2299 1813 sed
2350 1750 2540 1813 etiam
2584 1750 2857 1813 historiis
2903 1750 3143 1814 nullum

570 1854 702 1938 ejus
746 1858 951 1917 exstat
993 1850 1432 1926 testimonium,
1478 1857 1550 1915 ut
1594 1853 1828 1933 opinor,
1874 1851 2039 1933 quod
2083 1873 2123 1915 a,
2166 1850 2399 1915 Seneca
2438 1852 2691 1935 ejusque
2734 1852 3142 1916 sectatoribus

569 1958 662 2021 ita
705 1962 842 2021 erat
885 1956 1062 2030 trita,
1118 1959 1191 2017 ut
1234 1954 1366 2037 ejus
1409 1955 1706 2037 temporis
1779 1954 2035 2019 auribus
2100 1975 2227 2017 non
2274 1954 2409 2036 jam
2452 1961 2613 2018 esset
2656 1954 3139 2019 accommodata.

570 2060 644 2123 In
689 2060 834 2123 solis
877 2056 1206 2123 annalibus
1251 2056 1491 2139 aliquot
1533 2057 1932 2140 reperiuntur
1974 2057 2132 2121 tales
2175 2057 2318 2121 loci:
2376 2056 2484 2133 XI,
2531 2058 2611 2121 37
2649 2056 2754 2133 IV,
2802 2060 2859 2133 9,
2905 2056 3011 2128 VI,
3054 2059 3139 2121 49

573 2164 734 2242 (43),
781 2182 1142 2245 quanquam
1187 2181 1264 2224 ne
1306 2158 1368 2223 id
1416 2159 1665 2242 quidem
1708 2158 1788 2223 ab
1835 2160 2117 2225 omnibus
2161 2159 2535 2224 conceditur.
2624 2159 2665 2223 J
2668 2160 3141 2242 ungclausenius

571 2265 820 2349 quidem
861 2266 1096 2348 priores
1169 2262 1324 2327 duos
1368 2263 1530 2327 locos
1576 2262 1666 2325 ita
1711 2263 1954 2345 accipit,
2027 2269 2101 2326 ut
2155 2263 2322 2346 quod
2373 2262 2627 2346 apodosi
2678 2262 3138 2345 pronuntiatur,

569 2390 785 2435 revera
826 2358 1062 2432 factum
1105 2372 1169 2430 61
1218 2365 1650 2429 tantummodo
1681 2364 2019 2447 abruptum
2070 2365 2256 2429 dicat.
2344 2366 2609 2431 Videtur
2640 2368 2705 2430 in
2736 2367 2935 2449 primo
2977 2366 3137 2430 loco:

570 2493 644 2538 ac
687 2472 752 2535 ni
795 2470 1046 2536 caedem
1089 2470 1222 2552 ejus
1263 2467 1592 2533 Narcissus
1634 2469 2115 2551 properavisset,
2172 2474 2445 2533 verterat
2494 2469 2794 2552 pernicies
2847 2469 2914 2532 in
2956 2490 3139 2533 accu-

569 2581 840 2640 satorem
881 2614 967 2621 -—
1011 2578 1283 2637 verterat
1324 2571 1753 2653 interpretarit
1799 2592 1864 2634 es
1907 2571 2083 2635 hatte
2125 2570 2351 2637 bereits
2397 2573 2531 2637 eine
2576 2571 2905 2653 Wendung
2947 2592 3137 2653 gegen

569 2678 689 2742 den
731 2674 1048 2758 Anklager
1089 2696 1479 2758 genommen3
1552 2672 1718 2756 quod
1760 2672 1986 2739 falsum
2029 2695 2160 2737 esse
2204 2674 2427 2739 docent
2470 2662 2685 2739 haecz'
2727 2696 2766 2739 a
2808 2672 2979 2750 XIII,
3026 2676 3137 2744 37:

567 2781 660 2845 ita
726 2779 981 2844 consilia
1035 2777 1298 2843 Tiridati
1352 2778 1418 2841 in
1472 2776 1857 2839 contrarium
1919 2776 2245 2842 vertebant
2298 2776 2474 2855 XIV,
2548 2780 2627 2843 31
2696 2776 2863 2860 quod
2924 2784 3142 2843 contra

571 2884 760 2948 vertit
804 2884 841 2947 i.
889 2899 940 2946 e.
959 2967 966 2973 ν
985 2881 1207 2947 evenit.

742 3002 989 3067 Pariter
1025 3002 1092 3064 in
1135 2998 1402 3063 secundo
1446 2999 1608 3063 loco:
1685 3020 1759 3063 ac
1814 2999 1867 3062 si
1918 2999 2171 3064 modum
2228 3001 2495 3065 orationi
2535 3001 2857 3083 posuisset,
2901 3001 3141 3065 miseri-

570 3106 782 3171 cordia
827 3106 922 3169 sui
965 3102 1284 3187 gloriaque
1327 3104 1565 3167 animos
1607 3102 1994 3167 audientium
2036 3104 2414 3185 impleverat,
2460 3142 2545 3149 -—
2585 3124 2803 3167 revera
2842 3125 2883 3167 a
2926 3103 3141 3168 Tacito

571 3210 692 3274 dici
734 3208 1049 3274 Tiberium
1105 3204 1527 3271 misericordia
1579 3206 1674 3269 sui
1729 3206 2046 3289 gloriaque
2096 3206 2440 3289 implevisse
2491 3212 2846 3270 senatorum
2902 3206 3139 3269 animos

571 3314 721 3379 mihi
765 3310 1136 3396 persuadere
1179 3331 1303 3373 non
1346 3330 1613 3391 possum.
1706 3308 1798 3372 De
1853 3311 2038 3373 tertio
2083 3310 2245 3373 loco:
2320 3309 2410 3372 Ao
2455 3310 2508 3371 si
2550 3312 2781 3385 statim,
2844 3308 3140 3372 interiora

571 3424 928 3499 ceterasque
971 3416 1254 3479 nationes
1299 3414 1633 3496 petivisset,
1680 3435 1974 3496 oppressa
2007 3411 2434 3477 cunctantium
2473 3409 2780 3475 dubitatio
2824 3417 2887 3476 et
2931 3431 3140 3475 omnes

569 3522 635 3586 in
677 3541 872 3584 unum
915 3516 1233 3592 cedebant,
1281 3555 1363 3563 —
1405 3517 1654 3580 omnino
1698 3537 1823 3579 non
1866 3523 2072 3599 potest
2115 3538 2246 3580 esse
2291 3515 2597 3579 dubitatio
2610 3540 2627 3591 ;
2672 3533 2783 3579 nec
2826 3515 2903 3579 de
2947 3516 3141 3597 scrip-

572 3630 752 3689 turae
793 3620 1152 3704 integritate
1194 3640 1305 3683 cur
1375 3618 1725 3683 dubitemus
1781 3625 1877 3682 est
1920 3640 2133 3696 causa,
2202 3619 2495 3701 quoniam
2563 3619 2891 3700 quominus
2958 3616 3141 3680 simul

571 3726 866 3793 audiatur
908 3729 1082 3800 ,erat‘
1127 3720 1464 3786 secundum
1506 3722 1702 3803 legem
1745 3744 1784 3785 a
1806 3722 2177 3805 Nipperdeio
2206 3721 2285 3787 ad
2316 3722 2364 3799 I,
2412 3725 2447 3785 7
2481 3721 2871 3785 observatam
2902 3719 3140 3783 nullum

573 3833 668 3893 est
713 3826 1236 3911 impedimentum.

745 3944 1098 4029 Imperfecti
1141 3943 1458 4007 indicativi
1502 3944 1566 4007 in
1611 3944 1884 4026 ejusdem
1929 3943 2271 4007 sententiae
2314 3947 2592 4007 extrema
2635 3949 2813 4025 parte
2858 3941 3140 4025 usurpati

573 4050 814 4115 nullum
857 4048 1028 4113 aliud
1081 4053 1177 4111 est
1232 4052 1470 4109 certum
1526 4047 1906 4128 exemplum3
1974 4068 2121 4110 nam
2173 4046 2238 4109 in
2300 4045 2445 4110 hoc:
2503 4045 2547 4108 h
2600 4044 2715 4120 IV,
2774 4047 2851 4109 18
2932 4043 3033 4109 Sic
3076 4045 3140 4108 in

574 4153 932 4235 Galliasque
977 4148 1466 4230 Germaniasque
1509 4148 1802 4222 intentus5
1863 4148 1916 4210 si
1966 4147 2276 4212 destinata
2334 4148 2782 4230 provenissent,
2834 4146 3139 4212 validissi-

573 4277 820 4320 marum
861 4252 1426 4333 ditissimarumque
1482 4249 1807 4313 nationum
1840 4270 2039 4331 regno
2082 4249 2461 4323 imminebat,
2504 4288 2589 4295 —-
2634 4249 2840 4331 potius
2868 4272 2903 4313 e
2933 4248 3139 4313 Civilis

573 4358 880 4422 sententia
922 4356 1123 4419 dictus
1167 4352 1410 4417 videtur
1453 4352 1903 4435 conjunctivus:
1947 4354 2384 4435 provenissent.
2430 4390 2514 4397 -—
2558 4351 2752 4414 Docet
2792 4352 3139 4432 Madvigius

574 4460 774 4524 solum
817 4458 1071 4541 copulae
1115 4454 1541 4539 imperfectum
1601 4453 1716 4517 hoc
1769 4452 1952 4516 modo
1997 4454 2301 4535 usurpari.
2403 4452 2538 4529 Quo
2598 4474 2673 4516 ex
2715 4476 2834 4517 usu
2878 4453 3139 4517 fortasse

573 4584 683 4629 eae
727 4560 1069 4626 sententiae
1114 4563 1260 4623 sunt
1302 4556 1719 4638 explicandae,
1765 4557 1829 4619 in
1873 4555 2097 4638 quibus
2141 4554 2476 4637 apodoseos
2532 4557 2659 4621 vice
2703 4556 2983 4640 fungitur
3024 4555 3137 4621 ad-
