3600 5392
402 1526 819 1659 Quanquam
861 1576 937 1640 de
982 1576 1182 1641 Taciti
1246 1582 1310 1640 et
1351 1576 1641 1639 universa
1705 1576 1985 1640 oratione
2027 1580 2091 1637 et
2154 1574 2221 1636 in
2274 1573 2531 1655 singulis
2580 1572 2765 1636 rebus
2818 1592 2963 1655 pro-

396 1678 661 1761 prietate
701 1678 872 1743 haud
915 1680 1173 1761 exiguus
1213 1684 1308 1741 est
1337 1677 1927 1742 commentationum
1968 1664 2297 1751 numeruS,
2326 1680 2537 1738 tamen
2566 1673 2757 1739 etiam
2800 1694 2964 1737 nunc

395 1800 470 1842 ex
525 1781 657 1863 'ejus
727 1780 1100 1863 scriptorum
1154 1778 1542 1861 diligentiore
1601 1778 2088 1861 pertractatione
2140 1798 2466 1871 magnum,
2492 1796 2669 1859 posse
2732 1775 2964 1859 percipi

396 1880 667 1967 fructum
713 1902 910 1963 nuper
967 1880 1176 1945 docuit
1233 1878 1664 1955 WoelffliniuS,
1719 1880 1827 1963 qui
1880 1880 1945 1943 in
1990 1878 2291 1962 Philologi
2344 1878 2460 1944 vol.
2508 1876 2688 1942 XXV
2740 1876 2888 1942 fasc.
2934 1876 2965 1940 I

399 1988 462 2045 et
514 1982 738 2064 quibus
792 1983 955 2047 vitiis
1019 1980 1302 2046 laborent
1345 1982 1553 2045 omnia
1612 1988 1676 2045 et
1729 1982 2073 2045 vetustiora
2125 1988 2189 2045 et
2242 1980 2587 2045 recentiora
2640 1978 2717 2043 de
2768 1998 2844 2042 ea
2896 1998 2965 2042 re

401 2085 633 2167 scripta
676 2084 982 2161 disseruit,
1027 2091 1091 2149 et
1134 2084 1439 2166 quomodo
1485 2084 1565 2147 sit
1616 2084 1847 2147 rectius
1898 2082 2279 2148 instituenda
2322 2082 2628 2165 quaesti0,
2670 2078 2966 2163 exemplis

403 2206 437 2247 e
480 2184 847 2249 formatione
891 2191 954 2249 et
997 2207 1114 2249 usu
1152 2186 1608 2261 vocabulorum,
1653 2206 1687 2248 e
1725 2186 1989 2269 syntaxi,
2036 2207 2070 2249 e
2114 2184 2239 2249 stili
2290 2184 2396 2267 qui
2449 2182 2697 2268 proprie
2739 2180 2967 2245 dicitur

401 2292 632 2351 natura
674 2288 884 2370 petitis
929 2288 1058 2371 ipse
1101 2288 1564 2352 demonstravit.

513 2382 666 2451 “Ad
707 2390 862 2453 duas
921 2391 1309 2473 potissimum
1381 2411 1479 2453 res
1535 2390 1815 2453 animum
1867 2388 2189 2454 attendere
2246 2393 2506 2471 oportet,
2578 2387 2850 2469 primum
2894 2392 2967 2449 ut

395 2512 579 2571 quam
627 2492 1087 2555 accuratissime
1131 2489 1339 2553 omnia
1383 2491 1634 2573 colligas
1679 2491 1977 2575 exempla,
2032 2491 2252 2555 deinde
2310 2496 2380 2554 ut
2436 2489 2748 2569 discernas
2792 2488 2967 2553 varia

397 2593 628 2675 scripta
671 2599 736 2657 et
779 2600 1018 2657 aetates
1061 2614 1212 2657 neve
1258 2599 1516 2675 excepto
1561 2593 1809 2675 dialogo
1854 2593 1929 2657 de
1974 2580 2323 2658 oratoribus
2368 2591 2631 2656 eundem
2672 2590 2859 2655 fuisse
2902 2591 2969 2655 in

398 2694 681 2759 omnibus
726 2696 986 2777 scriptis
1079 2694 1278 2758 Taciti
1321 2694 1534 2758 stilum
1569 2694 1899 2759 existimes.

571 2797 712 2861 Non
755 2798 986 2872 omnia,
1032 2802 1104 2861 ut
1137 2796 1274 2881 jam
1317 2794 1468 2871 dixi,
1523 2795 1785 2860 confecit
1828 2793 2259 2870 WoelffliniuS,
2317 2816 2393 2859 ex
2437 2794 2778 2861 enuntiatis
2834 2794 2967 2859 sola

397 2899 838 2980 comparativa,
886 2897 1270 2985 temporalia,
1315 2896 1605 2961 causalia.
1695 2896 1903 2973 Quare
1927 2918 2039 2979 ego
2070 2896 2532 2974 condicionalia,
2579 2918 2739 2980 quae
2784 2917 2967 2962 accu-

394 3000 644 3063 ratioris
690 3000 1060 3081 cognitionis
1103 2998 1274 3063 haud
1317 2999 1520 3061 minus
1565 3004 1764 3081 egent,
1810 3000 2144 3064 tractanda
2188 3000 2340 3063 mihi
2383 3001 2689 3083 proposui.

567 3102 680 3164 De·
700 3102 817 3165 hoc
861 3102 1310 3166 sententiarum
1363 3122 1614 3183 genere,
1681 3103 1747 3166 in
1806 3124 1929 3185 quo
1985 3124 2228 3167 summa
2283 3109 2377 3167 est
2436 3103 2637 3168 Taciti
2680 3103 2967 3179 varietaS,

393 3225 470 3266 ex
512 3204 592 3268 iis
638 3225 798 3286 quae
843 3224 953 3285 ego
1001 3204 1257 3285 cognovi
1298 3203 1543 3286 scriptis
1584 3204 2002 3288 copiosissima
2045 3210 2141 3269 est
2168 3204 2619 3287 ’Jungclauseni
2662 3204 2741 3269 de
2766 3203 2969 3269 Taciti

397 3306 521 3369 stili
582 3307 963 3389 proprietate
1034 3306 1098 3369 in
1165 3306 1538 3388 usurpandis
1599 3306 1979 3389 temporibus
2032 3306 2230 3371 modis
2284 3306 2625 3390 participiis
2689 3306 2969 3390 quaestio

395 3409 740 3489 syntactica
785 3406 931 3491 (Kil.
987 3408 1174 3487 1848)
1190 3408 1650 3487 {nihilominus
1709 3410 1775 3472 in
1847 3410 1966 3473 hac
2010 3430 2253 3493 quoque
2319 3410 2627 3485 vitiorum,
2700 3430 2860 3494 quae
2902 3410 2969 3473 in

394 3508 614 3571 ceteris
657 3508 1054 3591 reprehendit
1085 3506 1513 3585 Woelfflinius,
1558 3509 1827 3573 alterum
1871 3532 1994 3575 non
2037 3511 2265 3593 ubique
2288 3560 2303 3587 ,
2350 3511 2617 3577 alterum
2658 3510 2969 3595 nusquam

393 3614 488 3672 est
528 3610 810 3673 vitatum.
901 3610 1074 3687 Quae
1133 3632 1274 3674 cum
1317 3610 1410 3674 ita
1460 3612 1610 3686 sint,
1666 3633 1890 3694 operae
1931 3613 2202 3694 pretium
2256 3632 2355 3677 me
2398 3613 2710 3685 facturum
2770 3634 2965 3697 spem,

397 3710 448 3773 si
493 3710 569 3774 de
611 3710 731 3775 hac
777 3733 844 3775 re
889 3711 1275 3776 subtiliorem
1317 3711 1650 3777 instituero
1695 3715 2139 3797 quaestionem.

566 3812 732 3876 Satis
776 3818 1040 3888 constat,
1088 3814 1212 3877 tria
1236 3832 1369 3877 esse
1399 3814 1462 3877 in
1494 3814 1708 3896 lingua
1730 3814 1929 3879 latina
1958 3816 2470 3880 condicionalinm
2500 3818 2979 3884 enunciatorum·

395 3936 649 3995 genera:
720 3915 897 3993 Quod
942 3916 1106 3979 enim
1151 3917 1503 3980 continetur
1561 3917 1916 3981 condicione
1960 3918 2220 4000 cogitari
2271 3923 2476 4000 potest
2518 3924 2631 3981 aut
2672 3922 2975 4007 tanquam

399 4016 498 4091 sit,
543 4022 654 4080 aut
698 4023 1001 4099 tanquam
1047 4038 1178 4081 esse
1221 4019 1418 4101 possit
1461 4026 1574 4083 aut
1617 4026 1921 4102 tanquam
1966 4041 2089 4083 non
2136 4022 2234 4085 sit.
2340 4019 2636 4100 Secundo,
2673 4026 2736 4085 et
2787 4023 2973 4088 tertio

396 4120 605 4201 generi
650 4120 990 4183 communis
1035 4126 1130 4184 est
1173 4122 1598 4205 conjunctivus
1652 4122 1716 4185 in
1760 4124 1998 4204 protasi
2052 4121 2315 4205 posituS,
2374 4123 2573 4207 major
2623 4128 2835 4189 tamen
2878 4133 2974 4191 est

394 4220 577 4302 primi
624 4226 688 4284 et
731 4220 986 4285 alterius
1031 4220 1395 4305 similitudo,
1461 4224 1688 4307 quippe
1743 4226 1907 4289 inter
1953 4246 2113 4307 quae
2162 4245 2286 4287 non
2336 4227 2814 4306 grammaticum
2864 4228 2970 4293 sed

393 4327 640 4386 tantum
685 4323 1061 4386 rhetoricum
1103 4329 1383 4388 versetur
1427 4325 1772 4391 discrimen.
1867 4326 2099 4404 Quodsi
2143 4331 2237 4390 est
2282 4326 2481 4391 Taciti
2523 4328 2589 4391 in
2631 4327 2970 4394 formandis

393 4421 914 4489 condicionalibus
956 4425 1294 4489 enuntiatis
1336 4426 1684 4509 proprietas
1729 4428 2161 4511 perquirenda,
2208 4428 2582 4512 conjunctim
2626 4427 2779 4494 haec
2823 4440 2971 4497 sunt

391 4526 837 4691 pertractandia
871 4526 1270 4610 rationesque
1296 4549 1452 4613 quas
1486 4528 1552 4593 in
1593 4530 1952 4614 usurpando
1998 4536 2269 4617 utroque
2314 4532 2597 4616 sequitur
2636 4529 2967 4599 historicus

392 4632 762 4709 perscrutari
806 4648 896 4693 ae.
