3600 5392
1835 453 1913 517 18

763 640 1194 716 NihilominuS‚
1263 640 1316 703 si
1382 638 1588 703 omnia
1649 638 2251 723 comprehendimuS,
2322 640 2719 706 manifestum
2772 646 2891 718 est,
2960 644 3156 709 multo

590 746 796 808 rarius
839 745 906 807 in
949 743 1277 808 annalibus
1321 764 1512 825 quam
1554 742 1620 804 in
1662 741 1937 806 historiis
1979 742 2418 827 primariorum
2478 750 2821 828 temporum
2866 747 3157 829 conjunc-

591 848 788 912 tivum
831 846 1112 912 adhiberi
1165 848 1230 911 in
1273 846 1559 928 obliquae
1609 844 1907 909 orationis
1970 844 2441 911 condicionibus.
2530 844 2624 909 De
2678 866 2867 911 causa
2910 846 3157 913 difficile

589 956 683 1014 est
717 950 1036 1034 judicium.
1125 949 1416 1013 Fortasse
1459 948 1661 1011 Taciti
1703 968 1859 1011 nove
1900 953 1965 1011 et
2008 947 2252 1011 insolite
2296 946 2539 1017 dicendi
2580 948 2809 1026 studiO,
2856 950 3039 1032 quod,
3081 956 3156 1015 ut

589 1053 799 1117 omnia
843 1075 1002 1136 quae
1046 1052 1247 1117 Taciti
1291 1057 1438 1116 sunt
1481 1049 1760 1136 propria,
1836 1050 2102 1113 maxime
2167 1054 2264 1113 est
2303 1050 2367 1113 in
2411 1050 2739 1115 annalibus
2782 1072 3154 1137 expressum,

585 1154 821 1219 factum
863 1163 974 1233 est,
1020 1162 1091 1221 ut
1131 1156 1571 1240 primariorum
1615 1160 1965 1239 temporum
2008 1152 2463 1236 conjunctivum
2492 1150 2707 1217 crebro
2738 1154 2818 1219 ab
2846 1154 3154 1219 historicis

583 1258 649 1321 in
691 1258 943 1341 obliqua
983 1259 1262 1323 oratione
1304 1263 1677 1343 usurpatum
1718 1257 1945 1321 vitaret
1987 1276 2185 1339 neque
2228 1260 2457 1332 tamen,
2503 1276 2579 1319 ne
2629 1255 2811 1321 nimis
2854 1258 3155 1323 varietate

584 1365 825 1423 careret
867 1361 1083 1437 oratio,
1127 1360 1311 1445 plane
1354 1364 1687 1445 sperneret.
2358 1378 2367 1387 ·

755 1462 912 1526 Nolo
965 1464 1032 1530 in
1085 1462 1206 1525 fine
1230 1453 1234 1457 ⁴
1259 1461 1696 1547 disputationis
1747 1480 1923 1523 meae
1969 1460 2337 1542 singillatim
2389 1467 2691 1547 repetere,
2760 1484 2920 1546 quae
2964 1482 3155 1548 supra

583 1564 1015 1629 animadversa
1057 1571 1228 1630 sunt:
1275 1564 1427 1629 satis
1471 1564 1927 1627 demonstrasse
1944 1585 1949 1589 ·
1969 1561 2123 1625 mihi
2165 1562 2389 1639 vide'or,
2435 1564 2624 1627 etiam
2666 1564 2733 1628 in
2762 1565 3152 1629 condiciona-

581 1666 735 1730 lium
778 1668 1243 1731 enuntiatorum
1295 1666 1662 1731 formatione
1735 1666 1903 1757 inter⁸
1970 1663 2214 1745 singula
2256 1664 2456 1730 Taciti
2528 1668 2763 1752 scripta
2804 1690 2929 1731 non
2964 1662 3153 1733 ¹modo

585 1767 963 1833 intercedere
1006 1768 1352 1845 discrimen,
1397 1768 1506 1832 sed
1549 1768 1738 1833 etiam
1781 1786 2190 1851 progressum.
2664 1843 2671 1851 Ι

753 1870 924 1936 Haec
945 1870 1154 1947 habui,
1199 1891 1359 1955 quae
1378 1870 1646 1935 dicerem
1673 1869 1749 1933 de
1769 1867 1971 1931 Taciti
1992 1867 2057 1931 in
2078 1867 2419 1934 formandis
2448 1870 2968 1939 condicionalibus
3011 1896 3152 1939 sen-

585 1974 796 2038 tentiis
839 1974 1098 2039 ratione.
